time,update,Depth,bp1,bp2,bp3,bp4,bp5,bp6,bp7,bp8,bp9,bp10,bp11,bp12,bp13,bp14,bp15,bp16,bp17,bp18,bp19,bp20,bv1,bv2,bv3,bv4,bv5,bv6,bv7,bv8,bv9,bv10,bv11,bv12,bv13,bv14,bv15,bv16,bv17,bv18,bv19,bv20,ap1,ap2,ap3,ap4,ap5,ap6,ap7,ap8,ap9,ap10,ap11,ap12,ap13,ap14,ap15,ap16,ap17,ap18,ap19,ap20,av1,av2,av3,av4,av5,av6,av7,av8,av9,av10,av11,av12,av13,av14,av15,av16,av17,av18,av19,av20,Ticker,lp,lv,cf
1619138793483,depth_update,Depth,2420.65,2420.64,2420.62,2420.59,2420.48,2420.47,2420.41,2420.40,2420.34,2420.30,2420.27,2420.26,2420.24,2420.21,2420.20,2420.11,2420.09,2420.08,2420.02,2420.01,24.859,0.003,0.749,1.428,0.319,0.200,1.500,0.050,0.267,0.010,2.598,5.394,0.150,2.020,2.050,4.220,6.214,2.020,9.483,4.061,2420.66,2420.69,2420.94,2421.00,2421.01,2421.05,2421.15,2421.16,2421.17,2421.20,2421.25,2421.30,2421.31,2421.33,2421.35,2421.37,2421.40,2421.41,2421.42,2421.44,0.430,1.522,0.005,0.450,0.017,0.006,8.789,0.261,0.037,0.040,0.275,0.008,0.152,3.643,0.459,0.023,0.091,1.237,0.036,0.832,Ticker,2420.66,0.475,1149.8135
1619138793734,depth_update,Depth,2420.89,2420.85,2420.80,2420.77,2420.74,2420.66,2420.65,2420.64,2420.62,2420.59,2420.49,2420.48,2420.47,2420.46,2420.44,2420.39,2420.37,2420.30,2420.28,2420.26,1.200,10.327,3.405,0.642,0.270,4.441,12.627,0.003,0.749,1.428,1.500,2.319,2.220,1.184,2.200,2.060,2.030,2.020,4.065,1.180,2420.91,2420.96,2421.16,2421.17,2421.20,2421.25,2421.30,2421.31,2421.33,2421.35,2421.37,2421.40,2421.41,2421.42,2421.44,2421.48,2421.49,2421.50,2421.51,2421.52,0.329,0.502,0.261,0.037,0.040,0.075,0.008,0.152,3.643,0.459,0.023,0.091,1.237,0.036,0.045,0.013,0.014,2.241,0.018,0.013,Ticker,2420.66,0.475,1149.8135
1619138793958,ticker_update,Depth,2420.89,2420.85,2420.80,2420.77,2420.74,2420.66,2420.65,2420.64,2420.62,2420.59,2420.49,2420.48,2420.47,2420.46,2420.44,2420.39,2420.37,2420.30,2420.28,2420.26,1.200,10.327,3.405,0.642,0.270,4.441,12.627,0.003,0.749,1.428,1.500,2.319,2.220,1.184,2.200,2.060,2.030,2.020,4.065,1.180,2420.91,2420.96,2421.16,2421.17,2421.20,2421.25,2421.30,2421.31,2421.33,2421.35,2421.37,2421.40,2421.41,2421.42,2421.44,2421.48,2421.49,2421.50,2421.51,2421.52,0.329,0.502,0.261,0.037,0.040,0.075,0.008,0.152,3.643,0.459,0.023,0.091,1.237,0.036,0.045,0.013,0.014,2.241,0.018,0.013,Ticker,2421.19,3.416,8270.78504
1619138793985,depth_update,Depth,2421.04,2420.98,2420.90,2420.89,2420.83,2420.82,2420.77,2420.69,2420.67,2420.66,2420.65,2420.64,2420.62,2420.60,2420.59,2420.54,2420.52,2420.48,2420.47,2420.46,0.400,0.800,7.913,11.574,0.266,10.752,1.227,0.010,0.021,1.177,1.575,8.213,0.749,0.050,1.428,0.010,94.000,4.978,2.220,1.184,2421.33,2421.35,2421.37,2421.40,2421.41,2421.42,2421.44,2421.48,2421.49,2421.50,2421.51,2421.52,2421.55,2421.56,2421.58,2421.59,2421.63,2421.64,2421.66,2421.68,0.883,0.459,0.023,0.091,1.237,0.036,0.045,0.013,0.014,0.050,0.018,0.013,1.500,29.099,0.235,8.177,18.170,0.059,0.016,8.794,Ticker,2421.19,3.416,8270.78504
1619138794235,depth_update,Depth,2421.05,2421.00,2420.99,2420.98,2420.89,2420.87,2420.84,2420.82,2420.71,2420.69,2420.68,2420.67,2420.66,2420.65,2420.64,2420.62,2420.60,2420.58,2420.54,2420.50,2.788,0.299,3.401,0.010,0.850,0.010,2.313,10.752,0.010,0.030,2.020,4.598,1.177,8.132,8.213,0.749,2.050,9.304,2.020,19.129,2421.49,2421.56,2421.58,2421.59,2421.63,2421.64,2421.66,2421.68,2421.71,2421.75,2421.76,2421.77,2421.78,2421.83,2421.84,2421.86,2421.87,2421.88,2421.91,2421.93,0.008,10.383,0.235,8.177,18.170,0.059,0.016,8.794,0.047,0.010,0.014,47.051,6.570,0.018,3.813,0.072,0.040,0.050,0.084,0.152,Ticker,2421.19,3.416,8270.78504
1619138794103,ticker_update,Depth,2421.05,2421.00,2420.99,2420.98,2420.89,2420.87,2420.84,2420.82,2420.71,2420.69,2420.68,2420.67,2420.66,2420.65,2420.64,2420.62,2420.60,2420.58,2420.54,2420.50,2.788,0.299,3.401,0.010,0.850,0.010,2.313,10.752,0.010,0.030,2.020,4.598,1.177,8.132,8.213,0.749,2.050,9.304,2.020,19.129,2421.49,2421.56,2421.58,2421.59,2421.63,2421.64,2421.66,2421.68,2421.71,2421.75,2421.76,2421.77,2421.78,2421.83,2421.84,2421.86,2421.87,2421.88,2421.91,2421.93,0.008,10.383,0.235,8.177,18.170,0.059,0.016,8.794,0.047,0.010,0.014,47.051,6.570,0.018,3.813,0.072,0.040,0.050,0.084,0.152,Ticker,2421.05,0.52,-1258.9460000000001
1619138794486,depth_update,Depth,2421.26,2421.25,2421.15,2421.11,2421.01,2420.95,2420.90,2420.89,2420.85,2420.84,2420.82,2420.81,2420.80,2420.73,2420.72,2420.71,2420.70,2420.69,2420.68,2420.67,0.800,0.400,0.010,10.326,0.010,0.829,0.258,0.850,3.242,2.313,10.752,1.500,2.020,2.585,2.065,2.020,3.028,2.020,2.020,2.000,2421.27,2421.49,2421.56,2421.58,2421.63,2421.64,2421.66,2421.68,2421.71,2421.75,2421.76,2421.77,2421.78,2421.83,2421.84,2421.86,2421.87,2421.88,2421.91,2421.93,1.675,0.408,14.513,0.235,18.170,0.059,0.016,8.794,0.047,0.010,0.599,47.051,6.570,7.569,0.007,0.072,0.040,0.550,0.084,0.152,Ticker,2421.05,0.52,-1258.9460000000001
1619138794737,depth_update,Depth,2421.19,2421.15,2421.11,2420.95,2420.90,2420.89,2420.86,2420.85,2420.84,2420.82,2420.80,2420.74,2420.73,2420.72,2420.71,2420.70,2420.69,2420.68,2420.67,2420.66,1.200,2.109,9.346,0.010,0.258,0.850,0.299,2.528,2.313,10.752,2.020,0.023,2.000,2.065,2.020,3.028,2.020,2.020,2.000,25.557,2421.21,2421.25,2421.27,2421.48,2421.49,2421.56,2421.58,2421.60,2421.63,2421.64,2421.66,2421.68,2421.71,2421.75,2421.76,2421.77,2421.78,2421.83,2421.84,2421.86,0.396,3.433,1.915,10.052,0.008,14.513,0.235,0.030,18.170,0.059,0.016,8.794,0.047,0.010,0.014,47.051,6.570,7.569,0.007,0.072,Ticker,2421.05,0.52,-1258.9460000000001
1619138794790,ticker_update,Depth,2421.19,2421.15,2421.11,2420.95,2420.90,2420.89,2420.86,2420.85,2420.84,2420.82,2420.80,2420.74,2420.73,2420.72,2420.71,2420.70,2420.69,2420.68,2420.67,2420.66,1.200,2.109,9.346,0.010,0.258,0.850,0.299,2.528,2.313,10.752,2.020,0.023,2.000,2.065,2.020,3.028,2.020,2.020,2.000,25.557,2421.21,2421.25,2421.27,2421.48,2421.49,2421.56,2421.58,2421.60,2421.63,2421.64,2421.66,2421.68,2421.71,2421.75,2421.76,2421.77,2421.78,2421.83,2421.84,2421.86,0.396,3.433,1.915,10.052,0.008,14.513,0.235,0.030,18.170,0.059,0.016,8.794,0.047,0.010,0.014,47.051,6.570,7.569,0.007,0.072,Ticker,2421.25,0.104,251.81
1619138794988,depth_update,Depth,2421.23,2421.00,2420.90,2420.89,2420.85,2420.84,2420.82,2420.74,2420.73,2420.72,2420.71,2420.70,2420.69,2420.68,2420.67,2420.66,2420.65,2420.64,2420.63,2420.62,0.400,0.272,0.258,0.850,2.528,2.313,10.752,2.020,4.200,2.065,2.020,3.028,2.020,2.020,2.000,25.557,2.319,8.213,0.800,0.749,2421.25,2421.27,2421.48,2421.49,2421.56,2421.58,2421.63,2421.64,2421.66,2421.68,2421.71,2421.75,2421.76,2421.77,2421.78,2421.83,2421.84,2421.86,2421.87,2421.88,3.329,0.646,10.052,0.008,14.513,0.235,18.170,0.059,0.016,8.794,0.047,0.010,0.014,47.051,6.570,7.569,0.007,0.072,0.040,0.050,Ticker,2421.25,0.104,251.81
1619138795240,depth_update,Depth,2421.08,2421.00,2420.91,2420.89,2420.85,2420.84,2420.82,2420.75,2420.74,2420.73,2420.72,2420.71,2420.70,2420.69,2420.68,2420.67,2420.66,2420.65,2420.64,2420.63,0.200,0.523,6.332,0.850,2.528,2.313,10.752,0.024,0.800,2.200,2.065,2.020,3.028,2.020,2.020,2.000,1.177,2.319,8.213,6.214,2421.20,2421.25,2421.27,2421.28,2421.48,2421.49,2421.56,2421.58,2421.60,2421.63,2421.64,2421.66,2421.68,2421.71,2421.75,2421.76,2421.77,2421.78,2421.81,2421.83,0.294,3.334,0.240,3.924,10.052,0.008,14.513,0.235,0.030,18.170,0.259,0.016,8.794,0.047,0.010,0.014,47.051,6.570,0.500,7.569,Ticker,2421.25,0.104,251.81
1619138795470,ticker_update,Depth,2421.08,2421.00,2420.91,2420.89,2420.85,2420.84,2420.82,2420.75,2420.74,2420.73,2420.72,2420.71,2420.70,2420.69,2420.68,2420.67,2420.66,2420.65,2420.64,2420.63,0.200,0.523,6.332,0.850,2.528,2.313,10.752,0.024,0.800,2.200,2.065,2.020,3.028,2.020,2.020,2.000,1.177,2.319,8.213,6.214,2421.20,2421.25,2421.27,2421.28,2421.48,2421.49,2421.56,2421.58,2421.60,2421.63,2421.64,2421.66,2421.68,2421.71,2421.75,2421.76,2421.77,2421.78,2421.81,2421.83,0.294,3.334,0.240,3.924,10.052,0.008,14.513,0.235,0.030,18.170,0.259,0.016,8.794,0.047,0.010,0.014,47.051,6.570,0.500,7.569,Ticker,2421.14,0.283,-685.1826199999999
1619138795507,depth_update,Depth,2421.13,2421.10,2421.09,2421.02,2421.01,2421.00,2420.92,2420.91,2420.89,2420.85,2420.84,2420.82,2420.79,2420.77,2420.75,2420.73,2420.72,2420.71,2420.70,2420.69,2.568,0.400,0.673,0.781,7.446,0.523,1.755,6.604,0.850,2.528,2.994,10.752,0.276,2.000,2.164,2.200,2.065,2.020,3.028,2.020,2421.14,2421.15,2421.17,2421.20,2421.24,2421.25,2421.27,2421.28,2421.48,2421.49,2421.55,2421.56,2421.58,2421.63,2421.64,2421.66,2421.68,2421.71,2421.73,2421.75,0.437,0.400,0.089,0.324,3.387,3.334,0.240,3.924,10.052,0.008,1.500,14.513,0.235,18.170,0.259,0.016,8.794,0.047,29.041,0.010,Ticker,2421.14,0.283,-685.1826199999999
1619138795757,depth_update,Depth,2421.13,2421.12,2421.09,2421.03,2421.02,2421.01,2421.00,2420.92,2420.91,2420.89,2420.87,2420.85,2420.84,2420.83,2420.82,2420.79,2420.77,2420.75,2420.72,2420.71,26.045,10.326,0.673,0.299,0.781,7.627,0.523,1.508,6.332,0.850,0.200,0.648,2.994,0.020,10.752,2.000,2.000,2.598,4.593,2.020,2421.14,2421.25,2421.27,2421.28,2421.48,2421.49,2421.58,2421.60,2421.62,2421.63,2421.64,2421.66,2421.67,2421.68,2421.71,2421.75,2421.76,2421.77,2421.78,2421.83,1.664,0.005,0.240,3.924,0.450,0.008,0.235,8.156,1.500,18.170,0.059,0.016,0.578,8.794,0.047,0.010,0.014,47.051,6.570,0.018,Ticker,2421.14,0.283,-685.1826199999999
1619138795956,ticker_update,Depth,2421.13,2421.12,2421.09,2421.03,2421.02,2421.01,2421.00,2420.92,2420.91,2420.89,2420.87,2420.85,2420.84,2420.83,2420.82,2420.79,2420.77,2420.75,2420.72,2420.71,26.045,10.326,0.673,0.299,0.781,7.627,0.523,1.508,6.332,0.850,0.200,0.648,2.994,0.020,10.752,2.000,2.000,2.598,4.593,2.020,2421.14,2421.25,2421.27,2421.28,2421.48,2421.49,2421.58,2421.60,2421.62,2421.63,2421.64,2421.66,2421.67,2421.68,2421.71,2421.75,2421.76,2421.77,2421.78,2421.83,1.664,0.005,0.240,3.924,0.450,0.008,0.235,8.156,1.500,18.170,0.059,0.016,0.578,8.794,0.047,0.010,0.014,47.051,6.570,0.018,Ticker,2421.14,0.023,55.68622
1619138796027,depth_update,Depth,2421.13,2421.12,2421.09,2421.02,2421.01,2421.00,2420.93,2420.92,2420.91,2420.89,2420.88,2420.87,2420.85,2420.84,2420.83,2420.82,2420.79,2420.77,2420.75,2420.71,29.909,10.326,0.673,0.781,7.627,0.523,2.528,1.508,6.332,2.445,6.557,0.220,0.256,2.994,0.020,10.752,2.000,2.000,2.598,2.020,2421.14,2421.25,2421.27,2421.49,2421.58,2421.60,2421.63,2421.64,2421.66,2421.67,2421.71,2421.75,2421.76,2421.77,2421.78,2421.83,2421.84,2421.86,2421.87,2421.88,2.608,0.005,0.240,0.008,0.235,8.156,18.170,0.059,0.016,0.578,0.047,0.010,0.014,47.051,6.570,0.018,0.007,0.072,0.040,0.050,Ticker,2421.14,0.023,55.68622
1619138796281,depth_update,Depth,2421.13,2421.12,2421.09,2421.02,2421.01,2421.00,2420.93,2420.92,2420.91,2420.89,2420.88,2420.87,2420.84,2420.83,2420.82,2420.79,2420.77,2420.75,2420.72,2420.71,20.725,10.326,0.673,0.781,7.627,0.523,2.528,1.508,6.332,2.445,6.557,0.220,2.994,0.020,10.752,2.000,2.000,2.598,1.500,2.020,2421.14,2421.15,2421.25,2421.27,2421.49,2421.58,2421.60,2421.63,2421.64,2421.66,2421.67,2421.71,2421.75,2421.76,2421.77,2421.78,2421.83,2421.84,2421.86,2421.87,0.695,3.924,0.005,0.240,0.008,0.235,8.156,18.170,0.059,0.016,0.578,0.047,0.010,0.014,47.051,6.570,0.018,0.007,1.572,0.040,Ticker,2421.14,0.023,55.68622
1619138796454,ticker_update,Depth,2421.13,2421.12,2421.09,2421.02,2421.01,2421.00,2420.93,2420.92,2420.91,2420.89,2420.88,2420.87,2420.84,2420.83,2420.82,2420.79,2420.77,2420.75,2420.72,2420.71,20.725,10.326,0.673,0.781,7.627,0.523,2.528,1.508,6.332,2.445,6.557,0.220,2.994,0.020,10.752,2.000,2.000,2.598,1.500,2.020,2421.14,2421.15,2421.25,2421.27,2421.49,2421.58,2421.60,2421.63,2421.64,2421.66,2421.67,2421.71,2421.75,2421.76,2421.77,2421.78,2421.83,2421.84,2421.86,2421.87,0.695,3.924,0.005,0.240,0.008,0.235,8.156,18.170,0.059,0.016,0.578,0.047,0.010,0.014,47.051,6.570,0.018,0.007,1.572,0.040,Ticker,2421.14,1.053,2549.46042
1619138796536,depth_update,Depth,2421.57,2421.51,2421.27,2421.20,2421.15,2421.14,2421.13,2421.12,2421.04,2421.02,2421.01,2421.00,2420.99,2420.96,2420.93,2420.92,2420.91,2420.89,2420.88,2420.87,0.272,1.200,0.642,0.642,7.500,8.031,28.488,10.326,2.000,0.781,7.627,0.523,1.180,0.277,2.728,1.508,6.332,2.065,1.500,2.020,2421.62,2421.63,2421.64,2421.66,2421.71,2421.75,2421.76,2421.77,2421.83,2421.84,2421.86,2421.87,2421.88,2421.91,2421.93,2421.95,2421.97,2421.99,2422.00,2422.02,2.800,9.052,0.059,0.016,0.047,0.010,0.014,47.051,0.018,0.007,0.072,0.040,0.050,0.084,0.152,13.320,0.010,0.621,1.352,0.715,Ticker,2421.14,1.053,2549.46042
1619138796788,depth_update,Depth,2421.61,2421.58,2421.28,2421.27,2421.26,2421.25,2421.21,2421.19,2421.16,2421.15,2421.14,2421.13,2421.05,2421.04,2421.03,2421.02,2421.01,2421.00,2420.99,2420.98,11.366,2.081,0.014,0.642,0.653,1.000,3.202,1.180,1.184,2.784,2.378,16.048,6.214,2.000,1.057,0.781,7.627,2.523,0.800,50.959,2421.62,2421.63,2421.64,2421.66,2421.71,2421.75,2421.76,2421.77,2421.83,2421.84,2421.86,2421.87,2421.88,2421.91,2421.93,2421.95,2421.97,2421.99,2422.00,2422.02,3.802,9.052,0.059,0.016,0.047,0.010,0.014,47.051,0.018,0.007,0.072,0.040,9.024,0.084,0.152,13.320,0.010,0.621,1.352,0.715,Ticker,2421.14,1.053,2549.46042
1619138796831,ticker_update,Depth,2421.61,2421.58,2421.28,2421.27,2421.26,2421.25,2421.21,2421.19,2421.16,2421.15,2421.14,2421.13,2421.05,2421.04,2421.03,2421.02,2421.01,2421.00,2420.99,2420.98,11.366,2.081,0.014,0.642,0.653,1.000,3.202,1.180,1.184,2.784,2.378,16.048,6.214,2.000,1.057,0.781,7.627,2.523,0.800,50.959,2421.62,2421.63,2421.64,2421.66,2421.71,2421.75,2421.76,2421.77,2421.83,2421.84,2421.86,2421.87,2421.88,2421.91,2421.93,2421.95,2421.97,2421.99,2422.00,2422.02,3.802,9.052,0.059,0.016,0.047,0.010,0.014,47.051,0.018,0.007,0.072,0.040,9.024,0.084,0.152,13.320,0.010,0.621,1.352,0.715,Ticker,2421.62,0.567,1373.0585399999998
1619138797041,depth_update,Depth,2421.61,2421.58,2421.48,2421.27,2421.26,2421.25,2421.22,2421.21,2421.19,2421.16,2421.15,2421.14,2421.13,2421.06,2421.05,2421.04,2421.03,2421.02,2421.01,2421.00,24.497,2.081,0.254,0.642,0.682,1.000,0.674,3.202,1.180,1.184,2.784,2.378,2.917,3.409,6.214,2.000,1.057,12.834,7.627,2.523,2421.63,2421.64,2421.66,2421.71,2421.75,2421.76,2421.77,2421.83,2421.84,2421.86,2421.87,2421.88,2421.91,2421.93,2421.95,2421.97,2421.99,2422.00,2422.02,2422.06,8.701,0.059,0.016,0.047,0.010,0.014,47.051,0.018,0.007,0.072,0.040,0.050,0.084,0.152,13.320,0.010,0.621,1.352,0.715,0.067,Ticker,2421.62,0.567,1373.0585399999998
1619138797292,depth_update,Depth,2421.62,2421.61,2421.58,2421.53,2421.48,2421.36,2421.27,2421.26,2421.25,2421.22,2421.21,2421.19,2421.17,2421.16,2421.15,2421.14,2421.13,2421.06,2421.05,2421.04,6.992,23.605,2.081,0.472,0.254,0.380,0.642,0.682,1.000,0.674,0.674,1.180,0.800,1.184,2.094,2.378,2.917,3.409,6.214,2.000,2421.63,2421.64,2421.66,2421.71,2421.75,2421.76,2421.77,2421.83,2421.84,2421.86,2421.87,2421.88,2421.91,2421.93,2421.95,2421.97,2421.99,2422.00,2422.02,2422.06,8.910,0.059,0.016,0.047,0.010,0.014,47.051,0.018,0.007,0.072,0.040,0.050,0.084,0.152,13.320,0.010,0.621,1.352,0.715,0.067,Ticker,2421.62,0.567,1373.0585399999998
1619138797468,ticker_update,Depth,2421.62,2421.61,2421.58,2421.53,2421.48,2421.36,2421.27,2421.26,2421.25,2421.22,2421.21,2421.19,2421.17,2421.16,2421.15,2421.14,2421.13,2421.06,2421.05,2421.04,6.992,23.605,2.081,0.472,0.254,0.380,0.642,0.682,1.000,0.674,0.674,1.180,0.800,1.184,2.094,2.378,2.917,3.409,6.214,2.000,2421.63,2421.64,2421.66,2421.71,2421.75,2421.76,2421.77,2421.83,2421.84,2421.86,2421.87,2421.88,2421.91,2421.93,2421.95,2421.97,2421.99,2422.00,2422.02,2422.06,8.910,0.059,0.016,0.047,0.010,0.014,47.051,0.018,0.007,0.072,0.040,0.050,0.084,0.152,13.320,0.010,0.621,1.352,0.715,0.067,Ticker,2421.77,0.372,900.8984399999999
1619138797545,depth_update,Depth,2421.62,2421.61,2421.53,2421.48,2421.37,2421.36,2421.28,2421.27,2421.26,2421.25,2421.22,2421.21,2421.19,2421.16,2421.14,2421.13,2421.07,2421.06,2421.04,2421.03,17.900,0.150,0.200,0.254,6.557,0.380,1.500,0.642,0.682,1.000,0.674,0.674,1.180,1.184,2.378,2.917,5.283,6.228,2.000,4.451,2421.77,2421.83,2421.84,2421.86,2421.87,2421.88,2421.91,2421.93,2421.95,2421.97,2421.99,2422.00,2422.02,2422.06,2422.12,2422.13,2422.17,2422.22,2422.28,2422.29,45.779,0.018,0.007,0.072,0.040,0.050,0.084,0.152,0.044,0.010,0.621,1.352,0.715,0.067,0.018,0.150,0.186,0.024,0.694,9.402,Ticker,2421.77,0.372,900.8984399999999
1619138797795,depth_update,Depth,2421.76,2421.75,2421.65,2421.63,2421.62,2421.61,2421.55,2421.53,2421.48,2421.45,2421.38,2421.36,2421.34,2421.28,2421.27,2421.25,2421.22,2421.21,2421.15,2421.14,2.205,0.800,1.661,19.741,29.130,0.150,10.563,0.200,0.254,1.184,1.763,0.380,2.000,0.800,0.642,1.000,0.674,0.674,2.020,2.378,2421.77,2421.83,2421.84,2421.86,2421.87,2421.88,2421.91,2421.93,2421.95,2421.97,2421.99,2422.00,2422.02,2422.06,2422.12,2422.13,2422.17,2422.21,2422.22,2422.28,40.004,0.018,0.007,0.072,0.040,0.050,0.084,0.152,0.044,0.010,0.621,1.352,0.715,0.067,0.018,0.150,0.186,0.450,0.024,0.012,Ticker,2421.77,0.372,900.8984399999999
1619138797955,ticker_update,Depth,2421.76,2421.75,2421.65,2421.63,2421.62,2421.61,2421.55,2421.53,2421.48,2421.45,2421.38,2421.36,2421.34,2421.28,2421.27,2421.25,2421.22,2421.21,2421.15,2421.14,2.205,0.800,1.661,19.741,29.130,0.150,10.563,0.200,0.254,1.184,1.763,0.380,2.000,0.800,0.642,1.000,0.674,0.674,2.020,2.378,2421.77,2421.83,2421.84,2421.86,2421.87,2421.88,2421.91,2421.93,2421.95,2421.97,2421.99,2422.00,2422.02,2422.06,2422.12,2422.13,2422.17,2422.21,2422.22,2422.28,40.004,0.018,0.007,0.072,0.040,0.050,0.084,0.152,0.044,0.010,0.621,1.352,0.715,0.067,0.018,0.150,0.186,0.450,0.024,0.012,Ticker,2422.38,0.95,2301.261
1619138798050,depth_update,Depth,2422.30,2422.29,2422.21,2422.05,2422.01,2421.99,2421.98,2421.88,2421.87,2421.86,2421.82,2421.77,2421.76,2421.63,2421.62,2421.61,2421.55,2421.53,2421.49,2421.48,1.467,1.467,1.467,1.426,1.477,1.933,1.467,0.400,1.464,1.467,1.467,2.805,16.656,10.595,13.171,0.150,10.563,0.200,4.271,1.434,2422.38,2422.39,2422.43,2422.44,2422.45,2422.47,2422.50,2422.51,2422.52,2422.53,2422.54,2422.55,2422.56,2422.58,2422.63,2422.64,2422.68,2422.70,2422.71,2422.72,7.410,0.008,0.010,0.029,0.006,0.157,0.077,0.682,0.045,0.006,0.314,6.570,3.806,0.070,0.005,0.091,0.006,0.020,0.076,0.016,Ticker,2422.38,0.95,2301.261
1619138798300,depth_update,Depth,2422.37,2422.34,2422.31,2422.30,2422.29,2422.21,2422.07,2422.05,2422.02,2422.01,2421.99,2421.88,2421.87,2421.83,2421.82,2421.77,2421.76,2421.65,2421.64,2421.63,0.400,1.467,2.261,2.043,1.917,1.467,0.733,1.426,0.924,1.946,0.733,6.045,3.589,1.661,1.661,4.387,10.323,1.057,6.588,1.500,2422.42,2422.43,2422.67,2422.74,2422.75,2422.79,2422.80,2422.82,2422.84,2422.85,2422.86,2422.87,2422.88,2422.89,2422.91,2422.96,2423.00,2423.04,2423.06,2423.08,9.195,0.037,0.024,4.141,0.003,0.985,3.013,41.932,0.088,12.541,0.026,0.003,4.133,9.321,0.008,0.003,24.349,3.846,8.794,14.564,Ticker,2422.38,0.95,2301.261
1619138798438,ticker_update,Depth,2422.37,2422.34,2422.31,2422.30,2422.29,2422.21,2422.07,2422.05,2422.02,2422.01,2421.99,2421.88,2421.87,2421.83,2421.82,2421.77,2421.76,2421.65,2421.64,2421.63,0.400,1.467,2.261,2.043,1.917,1.467,0.733,1.426,0.924,1.946,0.733,6.045,3.589,1.661,1.661,4.387,10.323,1.057,6.588,1.500,2422.42,2422.43,2422.67,2422.74,2422.75,2422.79,2422.80,2422.82,2422.84,2422.85,2422.86,2422.87,2422.88,2422.89,2422.91,2422.96,2423.00,2423.04,2423.06,2423.08,9.195,0.037,0.024,4.141,0.003,0.985,3.013,41.932,0.088,12.541,0.026,0.003,4.133,9.321,0.008,0.003,24.349,3.846,8.794,14.564,Ticker,2422.36,0.003,-7.267080000000001
1619138798553,depth_update,Depth,2422.38,2422.35,2422.33,2422.31,2422.30,2422.29,2422.14,2422.12,2422.11,2422.06,2422.05,2422.01,2421.99,2421.89,2421.88,2421.87,2421.84,2421.79,2421.77,2421.73,13.131,2.723,0.618,5.546,0.618,1.467,0.272,0.380,0.010,1.012,11.757,0.010,0.733,0.688,2.847,1.184,3.244,2.000,2.904,2.000,2422.39,2422.41,2422.42,2422.43,2422.67,2422.75,2422.79,2422.80,2422.82,2422.84,2422.85,2422.86,2422.87,2422.91,2422.96,2423.00,2423.04,2423.08,2423.13,2423.16,0.014,3.845,8.646,0.437,0.024,0.003,0.985,0.013,33.157,0.088,12.541,0.026,0.003,0.008,0.003,24.549,1.818,7.013,0.017,13.320,Ticker,2422.36,0.003,-7.267080000000001
1619138798814,depth_update,Depth,2422.42,2422.41,2422.40,2422.39,2422.38,2422.35,2422.31,2422.30,2422.29,2422.23,2422.15,2422.14,2422.11,2422.06,2422.05,2422.01,2421.97,2421.92,2421.88,2421.87,0.734,0.800,0.733,1.965,13.131,12.891,5.546,0.618,0.010,0.275,0.200,0.272,0.010,0.751,0.010,2.030,2.597,95.400,0.319,1.184,2422.43,2422.67,2422.75,2422.79,2422.80,2422.82,2422.84,2422.85,2422.86,2422.87,2422.91,2422.96,2423.00,2423.04,2423.08,2423.13,2423.16,2423.18,2423.20,2423.24,0.437,0.024,0.003,0.985,0.013,24.863,0.088,12.541,0.026,0.003,0.008,0.003,24.549,0.040,7.013,0.017,13.320,0.108,0.222,0.004,Ticker,2422.36,0.003,-7.267080000000001
1619138798933,ticker_update,Depth,2422.42,2422.41,2422.40,2422.39,2422.38,2422.35,2422.31,2422.30,2422.29,2422.23,2422.15,2422.14,2422.11,2422.06,2422.05,2422.01,2421.97,2421.92,2421.88,2421.87,0.734,0.800,0.733,1.965,13.131,12.891,5.546,0.618,0.010,0.275,0.200,0.272,0.010,0.751,0.010,2.030,2.597,95.400,0.319,1.184,2422.43,2422.67,2422.75,2422.79,2422.80,2422.82,2422.84,2422.85,2422.86,2422.87,2422.91,2422.96,2423.00,2423.04,2423.08,2423.13,2423.16,2423.18,2423.20,2423.24,0.437,0.024,0.003,0.985,0.013,24.863,0.088,12.541,0.026,0.003,0.008,0.003,24.549,0.040,7.013,0.017,13.320,0.108,0.222,0.004,Ticker,2422.43,0.065,157.45794999999998
1619138799064,depth_update,Depth,2422.42,2422.41,2422.40,2422.39,2422.38,2422.35,2422.34,2422.31,2422.30,2422.29,2422.17,2422.15,2422.14,2422.11,2422.05,2422.01,2421.99,2421.97,2421.95,2421.88,5.339,0.733,0.733,0.098,24.918,2.081,3.580,5.546,0.618,0.010,8.812,0.200,0.272,0.020,2.000,2.020,2.000,2.597,4.606,2.319,2422.43,2422.67,2422.75,2422.79,2422.80,2422.82,2422.84,2422.85,2422.86,2422.87,2422.91,2422.94,2422.96,2423.00,2423.04,2423.07,2423.08,2423.13,2423.16,2423.18,0.011,0.024,0.003,0.985,0.013,24.863,0.088,12.541,0.026,0.003,0.008,9.501,0.003,24.549,0.040,1.500,7.013,0.017,13.320,0.108,Ticker,2422.43,0.065,157.45794999999998
1619138799315,depth_update,Depth,2422.42,2422.41,2422.39,2422.38,2422.35,2422.34,2422.31,2422.29,2422.17,2422.15,2422.14,2422.11,2422.05,2422.02,2422.01,2421.97,2421.96,2421.95,2421.89,2421.88,3.329,0.733,0.098,1.477,2.081,3.580,5.546,0.286,8.812,0.200,0.272,0.020,2.000,1.500,2.020,2.597,9.690,4.592,2.000,2.319,2422.84,2422.85,2422.86,2422.87,2422.91,2422.95,2422.96,2423.00,2423.04,2423.08,2423.13,2423.16,2423.18,2423.20,2423.24,2423.26,2423.31,2423.32,2423.33,2423.34,0.088,0.041,0.026,0.003,0.008,1.500,0.003,24.349,0.040,7.013,0.167,13.320,0.108,0.222,0.004,0.600,15.041,0.062,0.041,8.794,Ticker,2422.43,0.065,157.45794999999998
1619138799412,ticker_update,Depth,2422.42,2422.41,2422.39,2422.38,2422.35,2422.34,2422.31,2422.29,2422.17,2422.15,2422.14,2422.11,2422.05,2422.02,2422.01,2421.97,2421.96,2421.95,2421.89,2421.88,3.329,0.733,0.098,1.477,2.081,3.580,5.546,0.286,8.812,0.200,0.272,0.020,2.000,1.500,2.020,2.597,9.690,4.592,2.000,2.319,2422.84,2422.85,2422.86,2422.87,2422.91,2422.95,2422.96,2423.00,2423.04,2423.08,2423.13,2423.16,2423.18,2423.20,2423.24,2423.26,2423.31,2423.32,2423.33,2423.34,0.088,0.041,0.026,0.003,0.008,1.500,0.003,24.349,0.040,7.013,0.167,13.320,0.108,0.222,0.004,0.600,15.041,0.062,0.041,8.794,Ticker,2422.69,0.205,496.65144999999995
1619138799576,depth_update,Depth,2422.66,2422.43,2422.42,2422.39,2422.38,2422.36,2422.34,2422.32,2422.31,2422.24,2422.18,2422.17,2422.15,2422.14,2422.11,2422.07,2422.05,2422.02,2422.01,2421.98,1.464,5.768,17.244,0.098,0.010,0.380,3.580,1.239,5.546,0.270,5.183,8.812,0.220,2.272,2.020,6.557,2.000,6.000,2.020,3.547,2422.68,2422.82,2422.84,2422.85,2422.86,2422.87,2422.91,2422.93,2422.96,2423.00,2423.04,2423.08,2423.12,2423.13,2423.16,2423.18,2423.20,2423.24,2423.25,2423.30,0.781,12.289,0.052,0.041,0.026,0.003,0.008,1.995,0.003,24.349,0.040,7.013,0.200,0.167,13.320,0.108,0.222,0.004,0.400,1.500,Ticker,2422.69,0.205,496.65144999999995
1619138799826,depth_update,Depth,2422.66,2422.44,2422.43,2422.42,2422.39,2422.34,2422.28,2422.24,2422.19,2422.18,2422.17,2422.16,2422.15,2422.14,2422.11,2422.10,2422.07,2422.05,2422.01,2421.98,1.113,3.371,3.687,17.244,0.098,3.570,2.597,0.270,0.800,8.274,8.812,1.500,2.220,2.272,2.020,6.214,6.557,2.000,2.020,3.547,2422.67,2422.68,2422.82,2422.84,2422.85,2422.86,2422.87,2422.91,2422.93,2422.96,2423.00,2423.01,2423.04,2423.08,2423.13,2423.16,2423.18,2423.20,2423.24,2423.31,1.030,0.781,12.289,0.052,0.041,0.026,0.003,0.008,1.995,0.003,24.349,8.202,0.040,7.013,0.017,13.320,0.108,0.222,0.004,15.041,Ticker,2422.69,0.205,496.65144999999995
1619138799911,ticker_update,Depth,2422.66,2422.44,2422.43,2422.42,2422.39,2422.34,2422.28,2422.24,2422.19,2422.18,2422.17,2422.16,2422.15,2422.14,2422.11,2422.10,2422.07,2422.05,2422.01,2421.98,1.113,3.371,3.687,17.244,0.098,3.570,2.597,0.270,0.800,8.274,8.812,1.500,2.220,2.272,2.020,6.214,6.557,2.000,2.020,3.547,2422.67,2422.68,2422.82,2422.84,2422.85,2422.86,2422.87,2422.91,2422.93,2422.96,2423.00,2423.01,2423.04,2423.08,2423.13,2423.16,2423.18,2423.20,2423.24,2423.31,1.030,0.781,12.289,0.052,0.041,0.026,0.003,0.008,1.995,0.003,24.349,8.202,0.040,7.013,0.017,13.320,0.108,0.222,0.004,15.041,Ticker,2422.66,0.003,-7.26798
1619138800086,depth_update,Depth,2422.66,2422.46,2422.44,2422.43,2422.42,2422.39,2422.34,2422.28,2422.24,2422.19,2422.18,2422.17,2422.16,2422.15,2422.14,2422.11,2422.10,2422.08,2422.05,2422.01,17.047,0.272,1.000,0.777,4.113,0.098,3.570,2.597,0.270,0.800,10.274,8.812,1.500,2.220,2.000,2.020,6.214,1.180,2.000,3.499,2422.67,2422.68,2422.82,2422.84,2422.85,2422.86,2422.87,2422.91,2422.93,2422.96,2423.00,2423.01,2423.04,2423.08,2423.13,2423.15,2423.16,2423.18,2423.20,2423.24,1.014,0.817,12.289,0.052,0.041,0.026,0.003,0.008,1.995,0.003,24.349,8.202,0.040,7.013,0.017,1.500,13.320,0.108,0.222,0.004,Ticker,2422.66,0.003,-7.26798
1619138800342,depth_update,Depth,2422.66,2422.59,2422.46,2422.44,2422.43,2422.42,2422.39,2422.34,2422.28,2422.24,2422.18,2422.17,2422.15,2422.14,2422.11,2422.10,2422.08,2422.05,2422.01,2421.98,16.619,0.319,0.450,1.758,0.777,4.219,0.098,3.570,2.597,0.270,8.323,8.812,2.220,2.000,2.020,6.214,1.180,2.000,3.499,3.547,2422.67,2422.68,2422.82,2422.84,2422.85,2422.86,2422.87,2422.91,2422.93,2422.96,2423.00,2423.01,2423.04,2423.08,2423.13,2423.16,2423.18,2423.20,2423.24,2423.31,1.014,0.036,12.289,0.052,0.041,0.026,0.003,0.008,1.995,0.003,24.349,8.202,0.040,7.013,0.017,13.320,0.108,0.222,0.004,15.041,Ticker,2422.66,0.003,-7.26798
1619138800439,ticker_update,Depth,2422.66,2422.59,2422.46,2422.44,2422.43,2422.42,2422.39,2422.34,2422.28,2422.24,2422.18,2422.17,2422.15,2422.14,2422.11,2422.10,2422.08,2422.05,2422.01,2421.98,16.619,0.319,0.450,1.758,0.777,4.219,0.098,3.570,2.597,0.270,8.323,8.812,2.220,2.000,2.020,6.214,1.180,2.000,3.499,3.547,2422.67,2422.68,2422.82,2422.84,2422.85,2422.86,2422.87,2422.91,2422.93,2422.96,2423.00,2423.01,2423.04,2423.08,2423.13,2423.16,2423.18,2423.20,2423.24,2423.31,1.014,0.036,12.289,0.052,0.041,0.026,0.003,0.008,1.995,0.003,24.349,8.202,0.040,7.013,0.017,13.320,0.108,0.222,0.004,15.041,Ticker,2422.66,1.5,3633.99
1619138800595,depth_update,Depth,2422.60,2422.44,2422.42,2422.39,2422.34,2422.24,2422.22,2422.15,2422.11,2422.06,2422.05,2422.04,2422.02,2422.01,2422.00,2421.99,2421.98,2421.97,2421.96,2421.90,1.554,1.000,0.106,0.098,3.570,0.270,2.597,0.200,0.020,0.758,2.000,6.214,3.203,2.020,0.292,2.011,3.547,3.564,9.690,2.064,2422.61,2422.63,2422.64,2422.66,2422.67,2422.68,2422.82,2422.84,2422.85,2422.86,2422.87,2422.91,2422.96,2422.99,2423.00,2423.01,2423.04,2423.06,2423.07,2423.08,0.921,0.006,0.008,20.064,1.311,0.036,12.289,0.052,0.041,0.026,0.003,0.008,0.003,6.836,24.349,8.202,0.040,0.200,0.062,8.513,Ticker,2422.66,1.5,3633.99
1619138800851,depth_update,Depth,2422.44,2422.42,2422.39,2422.34,2422.13,2422.10,2422.06,2422.01,2421.99,2421.98,2421.96,2421.92,2421.89,2421.88,2421.87,2421.83,2421.80,2421.73,2421.72,2421.71,11.320,0.106,0.098,3.570,0.262,0.319,5.973,0.020,0.675,3.547,9.690,1.057,2.000,2.000,1.984,2.020,0.030,2.000,6.557,1.180,2422.45,2422.61,2422.63,2422.64,2422.66,2422.67,2422.68,2422.82,2422.84,2422.85,2422.86,2422.87,2422.91,2422.96,2422.99,2423.00,2423.01,2423.03,2423.04,2423.06,1.263,0.364,0.006,0.008,16.619,0.988,0.308,12.289,0.052,0.041,0.026,0.003,0.008,0.003,6.836,24.349,8.202,1.500,0.040,0.200,Ticker,2422.66,1.5,3633.99
1619138800896,ticker_update,Depth,2422.44,2422.42,2422.39,2422.34,2422.13,2422.10,2422.06,2422.01,2421.99,2421.98,2421.96,2421.92,2421.89,2421.88,2421.87,2421.83,2421.80,2421.73,2421.72,2421.71,11.320,0.106,0.098,3.570,0.262,0.319,5.973,0.020,0.675,3.547,9.690,1.057,2.000,2.000,1.984,2.020,0.030,2.000,6.557,1.180,2422.45,2422.61,2422.63,2422.64,2422.66,2422.67,2422.68,2422.82,2422.84,2422.85,2422.86,2422.87,2422.91,2422.96,2422.99,2423.00,2423.01,2423.03,2423.04,2423.06,1.263,0.364,0.006,0.008,16.619,0.988,0.308,12.289,0.052,0.041,0.026,0.003,0.008,0.003,6.836,24.349,8.202,1.500,0.040,0.200,Ticker,2422.45,0.004,-9.6898
1619138801108,depth_update,Depth,2422.44,2422.42,2422.39,2422.34,2422.22,2422.07,2422.06,2422.03,2422.01,2422.00,2421.99,2421.98,2421.96,2421.90,2421.89,2421.88,2421.87,2421.83,2421.82,2421.80,2.582,0.106,0.098,3.570,0.269,2.528,2.597,2.089,0.020,0.292,2.739,3.547,9.690,0.800,2.000,9.714,1.984,2.020,2.000,2.030,2422.45,2422.61,2422.63,2422.66,2422.67,2422.68,2422.80,2422.81,2422.82,2422.84,2422.85,2422.86,2422.87,2422.91,2422.94,2422.96,2422.99,2423.00,2423.01,2423.04,7.045,0.332,1.765,16.619,0.009,0.036,1.500,1.769,12.289,0.052,0.041,0.026,0.003,0.008,0.062,0.003,6.836,24.349,8.202,0.040,Ticker,2422.45,0.004,-9.6898
1619138801359,depth_update,Depth,2422.34,2422.07,2421.96,2421.86,2421.66,2421.62,2421.61,2421.57,2421.52,2421.50,2421.49,2421.48,2421.45,2421.44,2421.43,2421.42,2421.38,2421.36,2421.26,2421.25,0.831,2.016,9.690,6.214,0.455,8.075,17.129,1.200,1.181,9.995,18.309,8.831,2.124,5.333,1.000,5.751,0.280,3.806,6.000,1.000,2422.35,2422.36,2422.43,2422.44,2422.45,2422.63,2422.66,2422.67,2422.68,2422.81,2422.82,2422.83,2422.84,2422.85,2422.86,2422.87,2422.91,2422.96,2422.97,2422.99,6.000,0.400,5.000,0.009,1.987,3.493,16.619,0.009,0.036,1.769,12.289,4.330,0.052,0.041,0.026,0.003,0.008,0.003,2.064,6.836,Ticker,2422.45,0.004,-9.6898
1619138801434,ticker_update,Depth,2422.34,2422.07,2421.96,2421.86,2421.66,2421.62,2421.61,2421.57,2421.52,2421.50,2421.49,2421.48,2421.45,2421.44,2421.43,2421.42,2421.38,2421.36,2421.26,2421.25,0.831,2.016,9.690,6.214,0.455,8.075,17.129,1.200,1.181,9.995,18.309,8.831,2.124,5.333,1.000,5.751,0.280,3.806,6.000,1.000,2422.35,2422.36,2422.43,2422.44,2422.45,2422.63,2422.66,2422.67,2422.68,2422.81,2422.82,2422.83,2422.84,2422.85,2422.86,2422.87,2422.91,2422.96,2422.97,2422.99,6.000,0.400,5.000,0.009,1.987,3.493,16.619,0.009,0.036,1.769,12.289,4.330,0.052,0.041,0.026,0.003,0.008,0.003,2.064,6.836,Ticker,2422.35,0.5,-1211.175
1619138801612,depth_update,Depth,2422.34,2421.97,2421.96,2421.95,2421.87,2421.78,2421.66,2421.65,2421.63,2421.62,2421.57,2421.53,2421.49,2421.48,2421.46,2421.45,2421.44,2421.41,2421.39,2421.38,0.828,5.410,12.287,0.469,8.867,6.214,0.455,0.775,4.592,8.075,1.200,0.674,2.200,8.831,2.064,2.144,5.333,2.000,2.000,2.280,2422.35,2422.42,2422.44,2422.45,2422.48,2422.61,2422.62,2422.67,2422.68,2422.80,2422.81,2422.82,2422.83,2422.84,2422.85,2422.86,2422.87,2422.91,2422.92,2422.94,9.420,0.028,0.009,1.517,0.450,0.062,8.031,0.281,0.036,0.967,1.769,41.330,4.330,0.052,0.041,1.526,0.003,0.008,1.180,71.446,Ticker,2422.35,0.5,-1211.175
1619138801864,depth_update,Depth,2421.81,2421.66,2421.62,2421.53,2421.50,2421.48,2421.45,2421.44,2421.41,2421.40,2421.38,2421.36,2421.27,2421.24,2421.23,2421.21,2421.14,2421.13,2421.10,2421.09,11.997,1.455,0.040,0.674,0.260,0.274,2.020,3.781,2.000,2.000,2.280,1.057,1.647,0.775,2.020,0.674,0.405,0.192,17.889,4.091,2421.82,2421.96,2421.98,2422.13,2422.15,2422.16,2422.35,2422.42,2422.44,2422.45,2422.48,2422.53,2422.54,2422.57,2422.58,2422.60,2422.62,2422.67,2422.68,2422.82,6.422,6.399,0.009,0.015,1.500,0.025,0.475,0.028,0.062,1.439,0.450,2.065,0.968,4.101,7.551,0.787,8.031,0.009,0.036,16.418,Ticker,2422.35,0.5,-1211.175
1619138801952,ticker_update,Depth,2421.81,2421.66,2421.62,2421.53,2421.50,2421.48,2421.45,2421.44,2421.41,2421.40,2421.38,2421.36,2421.27,2421.24,2421.23,2421.21,2421.14,2421.13,2421.10,2421.09,11.997,1.455,0.040,0.674,0.260,0.274,2.020,3.781,2.000,2.000,2.280,1.057,1.647,0.775,2.020,0.674,0.405,0.192,17.889,4.091,2421.82,2421.96,2421.98,2422.13,2422.15,2422.16,2422.35,2422.42,2422.44,2422.45,2422.48,2422.53,2422.54,2422.57,2422.58,2422.60,2422.62,2422.67,2422.68,2422.82,6.422,6.399,0.009,0.015,1.500,0.025,0.475,0.028,0.062,1.439,0.450,2.065,0.968,4.101,7.551,0.787,8.031,0.009,0.036,16.418,Ticker,2421.23,0.003,-7.26369
1619138802131,depth_update,Depth,2420.79,2420.60,2420.45,2420.43,2420.40,2420.38,2420.34,2420.31,2420.24,2420.19,2420.18,2420.16,2420.15,2420.11,2420.10,2420.06,2420.04,2420.02,2420.00,2419.97,1.000,2.000,7.661,2.000,3.806,7.055,6.000,0.053,5.751,11.013,0.077,3.806,4.148,4.115,4.160,4.177,0.094,0.509,5.202,0.600,2421.14,2421.22,2421.25,2421.46,2421.49,2421.51,2421.67,2421.70,2421.75,2421.80,2421.81,2421.82,2421.93,2421.96,2421.98,2422.08,2422.13,2422.16,2422.33,2422.35,1.445,1.240,0.010,2.869,2.394,1.467,2.859,9.900,0.268,1.000,3.642,6.763,1.000,6.399,0.009,4.101,0.015,0.025,1.000,2.475,Ticker,2421.23,0.003,-7.26369
1619138802382,depth_update,Depth,2420.97,2420.95,2420.70,2420.66,2420.56,2420.45,2420.38,2420.35,2420.33,2420.31,2420.27,2420.20,2420.19,2420.18,2420.16,2420.15,2420.10,2420.06,2420.04,2420.02,4.838,3.595,6.557,1.180,10.591,2.000,0.075,2.000,6.497,2.073,2.020,2.020,11.013,2.097,3.806,4.148,4.160,8.287,0.094,0.509,2421.25,2421.40,2421.45,2421.46,2421.48,2421.49,2421.50,2421.51,2421.56,2421.66,2421.67,2421.70,2421.80,2421.81,2421.82,2421.91,2421.94,2421.96,2421.98,2421.99,0.671,0.016,3.445,1.208,0.658,3.364,0.255,1.467,9.829,4.181,1.661,9.900,2.830,0.749,6.763,18.294,2.000,6.399,2.029,6.194,Ticker,2421.23,0.003,-7.26369
1619138802413,ticker_update,Depth,2420.97,2420.95,2420.70,2420.66,2420.56,2420.45,2420.38,2420.35,2420.33,2420.31,2420.27,2420.20,2420.19,2420.18,2420.16,2420.15,2420.10,2420.06,2420.04,2420.02,4.838,3.595,6.557,1.180,10.591,2.000,0.075,2.000,6.497,2.073,2.020,2.020,11.013,2.097,3.806,4.148,4.160,8.287,0.094,0.509,2421.25,2421.40,2421.45,2421.46,2421.48,2421.49,2421.50,2421.51,2421.56,2421.66,2421.67,2421.70,2421.80,2421.81,2421.82,2421.91,2421.94,2421.96,2421.98,2421.99,0.671,0.016,3.445,1.208,0.658,3.364,0.255,1.467,9.829,4.181,1.661,9.900,2.830,0.749,6.763,18.294,2.000,6.399,2.029,6.194,Ticker,2421.45,0.929,2249.52705
1619138802633,depth_update,Depth,2420.65,2420.61,2420.53,2420.48,2420.46,2420.45,2420.42,2420.39,2420.38,2420.35,2420.32,2420.31,2420.28,2420.27,2420.25,2420.21,2420.20,2420.19,2420.18,2420.16,0.200,1.184,6.000,0.200,2.836,1.479,0.319,0.801,2.012,2.200,1.389,0.073,1.699,2.300,1.000,1.057,4.101,10.189,2.097,9.881,2421.02,2421.09,2421.18,2421.21,2421.25,2421.41,2421.55,2421.63,2421.65,2421.67,2421.70,2421.77,2421.80,2421.81,2421.82,2421.86,2421.91,2421.92,2421.94,2421.96,0.972,0.400,0.040,0.011,1.000,0.265,0.676,0.200,0.057,1.785,9.900,12.500,2.000,12.746,6.774,3.097,18.294,1.181,2.000,6.399,Ticker,2421.45,0.929,2249.52705
1619138802883,depth_update,Depth,2421.14,2421.01,2420.99,2420.88,2420.87,2420.86,2420.83,2420.72,2420.59,2420.58,2420.47,2420.46,2420.44,2420.41,2420.40,2420.38,2420.35,2420.34,2420.32,2420.31,0.733,0.010,0.255,1.500,0.091,10.327,8.860,0.016,0.200,0.754,8.684,2.836,40.000,0.801,3.240,2.032,2.020,9.881,1.389,2.073,2421.15,2421.23,2421.48,2421.58,2421.59,2421.80,2421.81,2421.82,2421.85,2421.87,2421.94,2421.97,2421.98,2422.02,2422.05,2422.08,2422.09,2422.14,2422.15,2422.17,0.050,0.551,1.000,0.157,10.804,12.600,12.746,6.774,3.097,1.420,2.000,4.101,2.009,2.000,2.000,2.000,0.600,2.020,0.020,1.180,Ticker,2421.45,0.929,2249.52705
1619138802969,ticker_update,Depth,2421.14,2421.01,2420.99,2420.88,2420.87,2420.86,2420.83,2420.72,2420.59,2420.58,2420.47,2420.46,2420.44,2420.41,2420.40,2420.38,2420.35,2420.34,2420.32,2420.31,0.733,0.010,0.255,1.500,0.091,10.327,8.860,0.016,0.200,0.754,8.684,2.836,40.000,0.801,3.240,2.032,2.020,9.881,1.389,2.073,2421.15,2421.23,2421.48,2421.58,2421.59,2421.80,2421.81,2421.82,2421.85,2421.87,2421.94,2421.97,2421.98,2422.02,2422.05,2422.08,2422.09,2422.14,2422.15,2422.17,0.050,0.551,1.000,0.157,10.804,12.600,12.746,6.774,3.097,1.420,2.000,4.101,2.009,2.000,2.000,2.000,0.600,2.020,0.020,1.180,Ticker,2421.95,0.631,1528.25045
1619138803135,depth_update,Depth,2422.67,2422.63,2422.62,2422.61,2422.34,2422.27,2422.25,2422.24,2422.14,2422.08,2422.03,2422.02,2421.98,2421.91,2421.90,2421.84,2421.80,2421.79,2421.69,2421.63,3.128,11.222,0.800,0.733,0.010,3.287,1.487,9.900,6.400,12.600,12.600,5.650,0.200,2.000,1.170,2.020,2.050,2.000,2.000,2.000,2422.82,2422.83,2422.84,2422.85,2422.86,2422.87,2422.91,2422.96,2423.00,2423.04,2423.08,2423.11,2423.13,2423.16,2423.18,2423.20,2423.24,2423.31,2423.32,2423.33,12.314,4.018,0.052,0.152,0.026,0.003,0.008,0.003,24.349,0.076,0.275,0.280,0.017,0.064,0.108,4.351,0.004,21.199,0.062,1.041,Ticker,2421.95,0.631,1528.25045
1619138803386,depth_update,Depth,2422.99,2422.96,2422.83,2422.82,2422.81,2422.65,2422.64,2422.63,2422.53,2422.40,2422.39,2422.25,2422.24,2422.21,2422.20,2422.19,2422.18,2422.17,2422.16,2422.15,1.661,12.600,9.900,12.600,0.833,1.065,1.446,0.036,0.040,0.821,9.900,0.662,3.097,6.000,0.030,2.170,4.200,3.499,2.600,12.600,2423.00,2423.04,2423.08,2423.11,2423.13,2423.16,2423.18,2423.20,2423.24,2423.31,2423.32,2423.33,2423.34,2423.36,2423.37,2423.38,2423.40,2423.43,2423.44,2423.46,17.208,0.076,0.275,0.280,0.017,0.064,0.108,0.222,0.004,0.041,0.062,0.041,8.794,0.041,0.013,0.050,0.050,7.410,0.281,2.729,Ticker,2421.95,0.631,1528.25045
1619138803368,ticker_update,Depth,2422.99,2422.96,2422.83,2422.82,2422.81,2422.65,2422.64,2422.63,2422.53,2422.40,2422.39,2422.25,2422.24,2422.21,2422.20,2422.19,2422.18,2422.17,2422.16,2422.15,1.661,12.600,9.900,12.600,0.833,1.065,1.446,0.036,0.040,0.821,9.900,0.662,3.097,6.000,0.030,2.170,4.200,3.499,2.600,12.600,2423.00,2423.04,2423.08,2423.11,2423.13,2423.16,2423.18,2423.20,2423.24,2423.31,2423.32,2423.33,2423.34,2423.36,2423.37,2423.38,2423.40,2423.43,2423.44,2423.46,17.208,0.076,0.275,0.280,0.017,0.064,0.108,0.222,0.004,0.041,0.062,0.041,8.794,0.041,0.013,0.050,0.050,7.410,0.281,2.729,Ticker,2423.0,0.3,726.9
1619138803637,depth_update,Depth,2423.03,2423.01,2423.00,2422.99,2422.82,2422.81,2422.78,2422.72,2422.68,2422.65,2422.64,2422.63,2422.59,2422.58,2422.55,2422.54,2422.53,2422.52,2422.51,2422.43,12.411,3.507,12.638,9.920,12.871,0.954,0.380,0.020,2.020,0.800,2.446,2.008,6.557,9.304,1.500,2.000,2.020,50.959,94.000,6.191,2423.04,2423.08,2423.13,2423.16,2423.18,2423.20,2423.24,2423.31,2423.32,2423.33,2423.36,2423.37,2423.38,2423.40,2423.43,2423.44,2423.46,2423.47,2423.48,2423.49,0.228,0.275,0.017,0.064,0.108,0.222,0.004,0.041,0.062,0.041,0.041,0.013,0.050,0.050,7.410,0.281,2.762,0.029,0.020,0.046,Ticker,2423.0,0.3,726.9
1619138803888,depth_update,Depth,2422.52,2422.46,2422.42,2422.35,2422.34,2422.19,2422.18,2422.17,2422.16,2422.13,2422.09,2422.07,2422.06,2422.02,2421.98,2421.97,2421.96,2421.95,2421.94,2421.91,1.000,0.040,2.218,9.304,0.261,0.150,4.200,0.020,2.000,2.000,3.098,2.000,2.000,5.751,11.304,0.100,6.497,2.000,13.262,2.144,2422.63,2422.67,2422.71,2422.79,2422.98,2423.04,2423.08,2423.13,2423.16,2423.18,2423.20,2423.24,2423.31,2423.32,2423.33,2423.36,2423.37,2423.38,2423.40,2423.43,0.400,0.800,3.445,0.848,0.010,0.999,0.275,0.017,0.064,0.128,2.494,2.024,0.061,2.062,2.041,2.041,0.013,0.050,0.250,7.410,Ticker,2423.0,0.3,726.9
1619138803946,ticker_update,Depth,2422.52,2422.46,2422.42,2422.35,2422.34,2422.19,2422.18,2422.17,2422.16,2422.13,2422.09,2422.07,2422.06,2422.02,2421.98,2421.97,2421.96,2421.95,2421.94,2421.91,1.000,0.040,2.218,9.304,0.261,0.150,4.200,0.020,2.000,2.000,3.098,2.000,2.000,5.751,11.304,0.100,6.497,2.000,13.262,2.144,2422.63,2422.67,2422.71,2422.79,2422.98,2423.04,2423.08,2423.13,2423.16,2423.18,2423.20,2423.24,2423.31,2423.32,2423.33,2423.36,2423.37,2423.38,2423.40,2423.43,0.400,0.800,3.445,0.848,0.010,0.999,0.275,0.017,0.064,0.128,2.494,2.024,0.061,2.062,2.041,2.041,0.013,0.050,0.250,7.410,Ticker,2422.62,0.134,-324.63108
1619138804139,depth_update,Depth,2422.21,2422.19,2422.11,2422.10,2422.09,2422.01,2421.94,2421.91,2421.90,2421.84,2421.83,2421.82,2421.77,2421.70,2421.69,2421.65,2421.62,2421.57,2421.55,2421.53,0.400,0.150,2.222,0.227,1.000,0.818,13.262,0.124,1.170,1.761,4.400,1.500,3.240,0.742,2.509,2.600,2.050,2.280,1.184,2.000,2422.27,2422.30,2422.67,2422.79,2422.94,2422.98,2423.03,2423.04,2423.05,2423.06,2423.08,2423.09,2423.11,2423.13,2423.15,2423.16,2423.18,2423.20,2423.23,2423.24,0.400,0.400,0.337,0.848,1.400,0.010,0.269,2.619,3.443,1.344,2.275,2.120,4.719,2.037,2.000,0.064,2.128,0.222,1.184,0.004,Ticker,2422.62,0.134,-324.63108
1619138804395,depth_update,Depth,2422.23,2422.19,2422.11,2422.10,2422.02,2422.01,2421.93,2421.90,2421.86,2421.83,2421.72,2421.69,2421.66,2421.65,2421.62,2421.59,2421.58,2421.57,2421.56,2421.55,0.797,0.092,2.222,0.227,0.380,3.916,6.193,1.170,2.746,4.000,5.751,2.000,1.413,2.000,2.050,4.129,3.530,2.280,0.600,1.184,2422.24,2422.66,2422.72,2422.93,2422.94,2422.95,2422.98,2423.02,2423.04,2423.08,2423.10,2423.13,2423.16,2423.18,2423.19,2423.20,2423.21,2423.23,2423.24,2423.26,0.890,0.652,0.678,12.600,0.005,0.600,0.010,0.366,0.808,0.275,4.128,0.017,2.084,2.108,1.344,2.242,29.041,5.312,2.024,0.024,Ticker,2422.62,0.134,-324.63108
1619138804377,ticker_update,Depth,2422.23,2422.19,2422.11,2422.10,2422.02,2422.01,2421.93,2421.90,2421.86,2421.83,2421.72,2421.69,2421.66,2421.65,2421.62,2421.59,2421.58,2421.57,2421.56,2421.55,0.797,0.092,2.222,0.227,0.380,3.916,6.193,1.170,2.746,4.000,5.751,2.000,1.413,2.000,2.050,4.129,3.530,2.280,0.600,1.184,2422.24,2422.66,2422.72,2422.93,2422.94,2422.95,2422.98,2423.02,2423.04,2423.08,2423.10,2423.13,2423.16,2423.18,2423.19,2423.20,2423.21,2423.23,2423.24,2423.26,0.890,0.652,0.678,12.600,0.005,0.600,0.010,0.366,0.808,0.275,4.128,0.017,2.084,2.108,1.344,2.242,29.041,5.312,2.024,0.024,Ticker,2422.23,0.003,-7.2666900000000005
1619138804652,depth_update,Depth,2422.71,2422.64,2422.62,2422.37,2422.24,2422.23,2422.20,2422.19,2422.11,2421.96,2421.90,2421.86,2421.85,2421.83,2421.82,2421.80,2421.79,2421.78,2421.74,2421.72,1.467,0.733,3.128,5.877,1.000,1.194,0.009,0.092,1.000,0.742,1.170,0.925,2.000,4.000,3.097,0.030,1.184,94.000,2.064,5.751,2422.72,2422.82,2422.94,2422.95,2422.98,2423.02,2423.04,2423.08,2423.13,2423.16,2423.18,2423.19,2423.20,2423.24,2423.26,2423.31,2423.32,2423.33,2423.36,2423.37,0.678,6.193,0.025,2.000,2.030,2.000,2.028,2.275,2.017,0.064,0.108,1.344,0.222,0.004,0.024,0.041,0.062,0.041,0.041,0.013,Ticker,2422.23,0.003,-7.2666900000000005
1619138804905,depth_update,Depth,2422.02,2421.90,2421.82,2421.80,2421.78,2421.76,2421.71,2421.66,2421.65,2421.63,2421.62,2421.61,2421.60,2421.57,2421.56,2421.50,2421.44,2421.41,2421.38,2421.34,6.193,2.312,0.733,2.020,2.000,2.124,2.000,26.286,2.600,1.500,2.050,0.554,2.020,2.280,2.000,2.000,0.509,1.400,5.751,2.512,2422.04,2422.08,2422.22,2422.24,2422.41,2422.42,2422.58,2422.59,2422.62,2422.63,2422.65,2422.72,2422.81,2422.82,2422.83,2422.91,2422.93,2422.94,2422.98,2422.99,0.733,1.467,1.467,10.033,0.678,0.271,12.600,0.787,4.616,0.800,0.399,2.025,2.000,6.193,2.000,1.344,1.500,2.025,2.030,2.000,Ticker,2422.23,0.003,-7.2666900000000005
1619138804955,ticker_update,Depth,2422.02,2421.90,2421.82,2421.80,2421.78,2421.76,2421.71,2421.66,2421.65,2421.63,2421.62,2421.61,2421.60,2421.57,2421.56,2421.50,2421.44,2421.41,2421.38,2421.34,6.193,2.312,0.733,2.020,2.000,2.124,2.000,26.286,2.600,1.500,2.050,0.554,2.020,2.280,2.000,2.000,0.509,1.400,5.751,2.512,2422.04,2422.08,2422.22,2422.24,2422.41,2422.42,2422.58,2422.59,2422.62,2422.63,2422.65,2422.72,2422.81,2422.82,2422.83,2422.91,2422.93,2422.94,2422.98,2422.99,0.733,1.467,1.467,10.033,0.678,0.271,12.600,0.787,4.616,0.800,0.399,2.025,2.000,6.193,2.000,1.344,1.500,2.025,2.030,2.000,Ticker,2421.9,1.0,-2421.9
1619138805156,depth_update,Depth,2421.62,2421.57,2421.35,2421.34,2421.32,2421.30,2421.22,2421.21,2421.20,2421.17,2421.09,2421.06,2421.05,2421.04,2421.00,2420.98,2420.94,2420.93,2420.92,2420.90,0.030,0.280,3.292,1.200,2.020,13.227,2.023,1.200,20.000,0.097,1.184,4.561,0.100,2.020,1.239,0.009,4.051,0.400,12.781,0.094,2421.91,2421.98,2422.06,2422.08,2422.13,2422.22,2422.24,2422.36,2422.37,2422.41,2422.46,2422.50,2422.57,2422.58,2422.62,2422.65,2422.71,2422.72,2422.74,2422.78,4.517,0.005,0.007,0.008,0.017,2.742,0.011,1.444,5.022,0.678,2.024,2.064,102.000,12.619,10.809,2.399,0.800,2.025,21.180,2.020,Ticker,2421.9,1.0,-2421.9
1619138805402,ticker_update,Depth,2421.62,2421.57,2421.35,2421.34,2421.32,2421.30,2421.22,2421.21,2421.20,2421.17,2421.09,2421.06,2421.05,2421.04,2421.00,2420.98,2420.94,2420.93,2420.92,2420.90,0.030,0.280,3.292,1.200,2.020,13.227,2.023,1.200,20.000,0.097,1.184,4.561,0.100,2.020,1.239,0.009,4.051,0.400,12.781,0.094,2421.91,2421.98,2422.06,2422.08,2422.13,2422.22,2422.24,2422.36,2422.37,2422.41,2422.46,2422.50,2422.57,2422.58,2422.62,2422.65,2422.71,2422.72,2422.74,2422.78,4.517,0.005,0.007,0.008,0.017,2.742,0.011,1.444,5.022,0.678,2.024,2.064,102.000,12.619,10.809,2.399,0.800,2.025,21.180,2.020,Ticker,2421.41,0.176,-426.16815999999994
1619138805419,depth_update,Depth,2421.41,2421.36,2421.35,2421.34,2421.26,2421.24,2421.22,2421.21,2421.20,2421.17,2421.09,2421.06,2421.04,2421.02,2420.98,2420.93,2420.90,2420.82,2420.81,2420.80,0.024,8.489,0.412,0.200,0.319,4.878,0.003,0.280,20.000,0.117,0.200,2.510,2.020,1.057,2.029,2.400,2.214,18.625,8.251,0.030,2421.65,2421.75,2421.77,2421.78,2421.90,2421.91,2421.98,2422.06,2422.08,2422.13,2422.21,2422.22,2422.24,2422.34,2422.35,2422.36,2422.37,2422.41,2422.44,2422.46,0.790,0.800,1.107,2.800,0.040,0.007,0.005,0.007,0.008,0.017,0.078,2.064,0.003,29.041,1.127,2.164,5.022,0.678,6.194,0.020,Ticker,2421.41,0.176,-426.16815999999994
1619138805670,depth_update,Depth,2421.28,2421.22,2421.20,2421.17,2420.98,2420.96,2420.90,2420.80,2420.75,2420.73,2420.70,2420.66,2420.65,2420.60,2420.59,2420.55,2420.54,2420.46,2420.43,2420.42,0.400,0.003,20.000,0.097,0.009,0.280,1.094,0.020,2.051,2.145,2.020,0.733,1.184,1.500,2.000,1.000,2.609,18.625,1.180,7.661,2421.29,2421.34,2421.44,2421.51,2421.56,2421.58,2421.60,2421.61,2421.62,2421.63,2421.64,2421.67,2421.68,2421.70,2421.71,2421.74,2421.76,2421.77,2421.81,2421.88,5.461,4.445,1.000,1.000,0.970,1.267,1.500,0.283,0.681,3.335,0.045,0.600,0.289,0.003,0.652,12.600,2.038,2.311,2.000,2.000,Ticker,2421.41,0.176,-426.16815999999994
1619138805921,depth_update,Depth,2420.90,2420.73,2420.60,2420.56,2420.47,2420.46,2420.45,2420.44,2420.43,2420.42,2420.40,2420.38,2420.33,2420.31,2420.22,2420.20,2420.19,2420.18,2420.17,2420.14,0.085,0.125,0.192,0.413,0.227,2.054,0.200,6.000,0.264,6.196,0.049,0.032,1.479,2.073,1.184,2.050,2.200,9.224,2.280,4.131,2420.91,2420.92,2420.97,2420.99,2421.09,2421.12,2421.13,2421.19,2421.33,2421.34,2421.41,2421.45,2421.46,2421.50,2421.51,2421.59,2421.61,2421.62,2421.63,2421.64,2.394,0.800,0.970,4.404,0.319,0.289,1.000,0.596,4.421,0.003,8.091,2.100,1.344,2.100,2.065,3.097,2.024,2.603,2.555,2.045,Ticker,2421.41,0.176,-426.16815999999994
1619138805910,ticker_update,Depth,2420.90,2420.73,2420.60,2420.56,2420.47,2420.46,2420.45,2420.44,2420.43,2420.42,2420.40,2420.38,2420.33,2420.31,2420.22,2420.20,2420.19,2420.18,2420.17,2420.14,0.085,0.125,0.192,0.413,0.227,2.054,0.200,6.000,0.264,6.196,0.049,0.032,1.479,2.073,1.184,2.050,2.200,9.224,2.280,4.131,2420.91,2420.92,2420.97,2420.99,2421.09,2421.12,2421.13,2421.19,2421.33,2421.34,2421.41,2421.45,2421.46,2421.50,2421.51,2421.59,2421.61,2421.62,2421.63,2421.64,2.394,0.800,0.970,4.404,0.319,0.289,1.000,0.596,4.421,0.003,8.091,2.100,1.344,2.100,2.065,3.097,2.024,2.603,2.555,2.045,Ticker,2420.9,0.009,-21.7881
1619138806173,depth_update,Depth,2420.44,2420.40,2420.31,2420.24,2420.22,2420.21,2420.17,2420.15,2420.11,2420.10,2420.07,2420.05,2420.04,2420.03,2420.00,2419.99,2419.96,2419.94,2419.92,2419.90,1.366,0.400,0.053,0.272,1.184,3.309,0.280,0.319,2.279,8.846,3.102,9.500,2.114,11.153,8.758,2.400,0.065,0.059,0.003,9.321,2420.47,2420.82,2420.88,2420.89,2420.90,2420.91,2420.98,2420.99,2421.08,2421.09,2421.33,2421.39,2421.40,2421.41,2421.44,2421.46,2421.49,2421.50,2421.53,2421.61,0.010,0.970,0.800,0.970,12.600,0.025,0.008,0.307,1.500,0.319,4.133,1.700,71.446,8.091,6.196,1.344,15.878,2.000,21.002,2.020,Ticker,2420.9,0.009,-21.7881
1619138806469,ticker_update,Depth,2420.44,2420.40,2420.31,2420.24,2420.22,2420.21,2420.17,2420.15,2420.11,2420.10,2420.07,2420.05,2420.04,2420.03,2420.00,2419.99,2419.96,2419.94,2419.92,2419.90,1.366,0.400,0.053,0.272,1.184,3.309,0.280,0.319,2.279,8.846,3.102,9.500,2.114,11.153,8.758,2.400,0.065,0.059,0.003,9.321,2420.47,2420.82,2420.88,2420.89,2420.90,2420.91,2420.98,2420.99,2421.08,2421.09,2421.33,2421.39,2421.40,2421.41,2421.44,2421.46,2421.49,2421.50,2421.53,2421.61,0.010,0.970,0.800,0.970,12.600,0.025,0.008,0.307,1.500,0.319,4.133,1.700,71.446,8.091,6.196,1.344,15.878,2.000,21.002,2.020,Ticker,2420.9,1.366,3306.9494000000004
1619138806424,depth_update,Depth,2420.86,2420.67,2420.47,2420.46,2420.44,2420.37,2420.31,2420.24,2420.23,2420.22,2420.18,2420.15,2420.12,2420.11,2420.10,2420.07,2420.05,2420.04,2420.03,2420.01,0.493,0.800,1.518,17.964,11.695,1.165,0.053,0.192,0.725,1.184,0.024,0.319,0.454,2.279,5.846,5.103,8.775,8.114,11.153,1.500,2421.27,2421.29,2421.32,2421.33,2421.41,2421.49,2421.50,2421.55,2421.61,2421.62,2421.63,2421.64,2421.67,2421.69,2421.74,2421.75,2421.76,2421.81,2421.82,2421.87,2.500,1.006,0.600,3.677,8.091,15.878,29.041,0.024,73.466,2.603,1.400,102.033,2.000,20.000,13.944,11.180,80.000,1.184,12.500,1.181,Ticker,2420.9,1.366,3306.9494000000004
1619138806674,depth_update,Depth,2420.90,2420.47,2420.45,2420.44,2420.38,2420.33,2420.31,2420.28,2420.27,2420.25,2420.24,2420.22,2420.20,2420.18,2420.16,2420.15,2420.13,2420.12,2420.11,2420.10,10.499,0.503,0.258,1.366,0.009,1.479,0.073,2.509,2.000,2.225,2.212,1.184,2.050,2.044,0.200,2.000,2.100,2.600,2.774,5.846,2420.91,2420.92,2420.98,2420.99,2421.02,2421.07,2421.09,2421.26,2421.32,2421.33,2421.40,2421.41,2421.44,2421.48,2421.49,2421.55,2421.60,2421.61,2421.62,2421.63,7.219,1.000,0.010,0.004,0.272,1.155,1.000,0.380,2.096,3.677,0.288,8.091,7.626,0.600,15.878,2.044,2.120,2.020,2.603,1.400,Ticker,2420.9,1.366,3306.9494000000004
1619138806925,depth_update,Depth,2420.48,2420.47,2420.44,2420.38,2420.31,2420.27,2420.23,2420.22,2420.18,2420.17,2420.16,2420.15,2420.14,2420.13,2420.12,2420.10,2420.07,2420.05,2420.04,2420.03,0.600,0.024,1.366,0.009,0.053,0.266,2.538,1.184,0.024,2.065,0.454,2.000,2.020,2.000,2.200,5.846,5.103,8.775,2.114,10.553,2420.49,2420.50,2420.52,2420.59,2420.63,2420.75,2420.83,2420.84,2420.90,2420.91,2420.97,2420.98,2420.99,2421.02,2421.07,2421.09,2421.24,2421.25,2421.30,2421.31,3.445,0.400,0.400,0.380,0.003,0.005,0.006,9.582,0.200,0.155,1.500,0.030,2.024,2.272,1.155,1.000,0.288,2.863,2.600,2.000,Ticker,2420.9,1.366,3306.9494000000004
1619138806702,ticker_update,Depth,2420.48,2420.47,2420.44,2420.38,2420.31,2420.27,2420.23,2420.22,2420.18,2420.17,2420.16,2420.15,2420.14,2420.13,2420.12,2420.10,2420.07,2420.05,2420.04,2420.03,0.600,0.024,1.366,0.009,0.053,0.266,2.538,1.184,0.024,2.065,0.454,2.000,2.020,2.000,2.200,5.846,5.103,8.775,2.114,10.553,2420.49,2420.50,2420.52,2420.59,2420.63,2420.75,2420.83,2420.84,2420.90,2420.91,2420.97,2420.98,2420.99,2421.02,2421.07,2421.09,2421.24,2421.25,2421.30,2421.31,3.445,0.400,0.400,0.380,0.003,0.005,0.006,9.582,0.200,0.155,1.500,0.030,2.024,2.272,1.155,1.000,0.288,2.863,2.600,2.000,Ticker,2420.91,0.25,605.2275
1619138807176,depth_update,Depth,2420.48,2420.47,2420.38,2420.31,2420.23,2420.22,2420.19,2420.18,2420.17,2420.16,2420.15,2420.14,2420.13,2420.12,2420.10,2420.09,2420.07,2420.05,2420.04,2420.00,0.357,0.024,0.009,0.053,2.538,1.184,0.917,0.024,2.065,0.274,2.000,2.020,2.000,2.000,5.846,0.192,3.102,8.775,2.114,6.240,2420.49,2420.50,2420.52,2420.59,2420.63,2420.75,2420.84,2420.90,2420.91,2420.98,2420.99,2421.02,2421.24,2421.29,2421.30,2421.31,2421.32,2421.41,2421.42,2421.43,8.651,0.400,0.400,0.380,0.003,0.005,9.582,0.200,0.155,2.030,2.024,2.272,2.886,0.800,2.000,2.000,4.746,0.025,0.006,1.344,Ticker,2420.91,0.25,605.2275
1619138807461,ticker_update,Depth,2420.48,2420.47,2420.38,2420.31,2420.23,2420.22,2420.19,2420.18,2420.17,2420.16,2420.15,2420.14,2420.13,2420.12,2420.10,2420.09,2420.07,2420.05,2420.04,2420.00,0.357,0.024,0.009,0.053,2.538,1.184,0.917,0.024,2.065,0.274,2.000,2.020,2.000,2.000,5.846,0.192,3.102,8.775,2.114,6.240,2420.49,2420.50,2420.52,2420.59,2420.63,2420.75,2420.84,2420.90,2420.91,2420.98,2420.99,2421.02,2421.24,2421.29,2421.30,2421.31,2421.32,2421.41,2421.42,2421.43,8.651,0.400,0.400,0.380,0.003,0.005,9.582,0.200,0.155,2.030,2.024,2.272,2.886,0.800,2.000,2.000,4.746,0.025,0.006,1.344,Ticker,2420.49,0.279,-675.3167100000001
1619138807429,depth_update,Depth,2420.48,2420.47,2420.38,2420.31,2420.23,2420.22,2420.19,2420.18,2420.16,2420.15,2420.14,2420.13,2420.12,2420.10,2420.09,2420.04,2420.00,2419.99,2419.96,2419.94,10.683,0.024,0.009,0.053,2.538,1.184,0.917,0.024,0.274,2.000,2.020,2.000,2.000,5.846,2.000,2.114,6.240,2.400,2.000,2.059,2420.49,2420.59,2420.61,2420.63,2420.75,2420.84,2420.90,2420.91,2420.98,2420.99,2421.02,2421.09,2421.22,2421.23,2421.24,2421.29,2421.30,2421.31,2421.32,2421.33,11.051,0.380,1.000,0.003,0.005,9.582,0.200,0.151,0.030,2.020,2.000,0.100,0.600,3.678,2.000,0.800,2.000,2.000,2.066,4.131,Ticker,2420.49,0.279,-675.3167100000001
1619138807680,depth_update,Depth,2421.08,2421.07,2421.04,2420.89,2420.88,2420.61,2420.60,2420.55,2420.53,2420.49,2420.48,2420.47,2420.41,2420.38,2420.35,2420.31,2420.28,2420.19,2420.18,2420.15,0.400,0.733,0.800,0.275,7.166,2.534,1.000,1.495,2.354,11.834,0.161,0.024,1.986,0.029,2.600,2.073,2.000,1.785,0.432,5.751,2421.17,2421.70,2421.73,2421.76,2421.77,2421.79,2421.83,2421.84,2421.85,2421.88,2421.93,2421.99,2422.02,2422.03,2422.04,2422.06,2422.07,2422.09,2422.11,2422.14,0.811,3.602,0.502,0.076,0.177,0.016,8.200,0.126,0.124,0.025,20.000,10.000,2.000,0.111,0.200,19.639,0.509,1.181,0.280,0.033,Ticker,2420.49,0.279,-675.3167100000001
1619138807930,depth_update,Depth,2421.08,2420.97,2420.90,2420.89,2420.74,2420.73,2420.68,2420.61,2420.57,2420.55,2420.49,2420.48,2420.47,2420.40,2420.39,2420.38,2420.37,2420.36,2420.35,2420.31,1.000,0.400,0.970,0.453,0.600,0.270,2.530,1.490,0.400,0.036,13.008,42.177,3.301,1.057,0.400,2.029,2.020,2.219,8.351,2.073,2421.09,2421.10,2421.13,2421.27,2421.40,2421.62,2421.74,2421.76,2421.77,2421.79,2421.84,2421.85,2421.88,2422.00,2422.03,2422.04,2422.07,2422.11,2422.14,2422.18,0.010,0.201,3.448,0.918,0.272,0.247,3.097,0.076,0.177,0.016,0.126,0.124,0.025,0.971,2.131,3.743,0.509,0.280,0.033,12.500,Ticker,2420.49,0.279,-675.3167100000001
1619138807906,ticker_update,Depth,2421.08,2420.97,2420.90,2420.89,2420.74,2420.73,2420.68,2420.61,2420.57,2420.55,2420.49,2420.48,2420.47,2420.40,2420.39,2420.38,2420.37,2420.36,2420.35,2420.31,1.000,0.400,0.970,0.453,0.600,0.270,2.530,1.490,0.400,0.036,13.008,42.177,3.301,1.057,0.400,2.029,2.020,2.219,8.351,2.073,2421.09,2421.10,2421.13,2421.27,2421.40,2421.62,2421.74,2421.76,2421.77,2421.79,2421.84,2421.85,2421.88,2422.00,2422.03,2422.04,2422.07,2422.11,2422.14,2422.18,0.010,0.201,3.448,0.918,0.272,0.247,3.097,0.076,0.177,0.016,0.126,0.124,0.025,0.971,2.131,3.743,0.509,0.280,0.033,12.500,Ticker,2421.08,0.4,968.432
1619138808184,depth_update,Depth,2420.83,2420.82,2420.81,2420.80,2420.79,2420.64,2420.63,2420.62,2420.61,2420.59,2420.55,2420.52,2420.49,2420.48,2420.47,2420.43,2420.41,2420.40,2420.39,2420.38,0.828,1.286,1.000,1.000,0.288,0.600,0.275,1.000,1.145,0.600,2.036,3.334,1.184,2.177,3.301,2.000,5.546,4.057,2.000,5.127,2421.09,2421.10,2421.13,2421.23,2421.27,2421.39,2421.40,2421.61,2421.62,2421.74,2421.79,2421.92,2421.93,2421.98,2421.99,2422.00,2422.03,2422.04,2422.07,2422.17,6.245,0.161,0.003,0.200,0.918,0.200,0.272,0.900,0.247,0.100,0.036,0.869,4.130,0.911,2.000,0.971,0.894,3.743,0.509,2.627,Ticker,2421.08,0.4,968.432
1619138808318,ticker_update,Depth,2420.83,2420.82,2420.81,2420.80,2420.79,2420.64,2420.63,2420.62,2420.61,2420.59,2420.55,2420.52,2420.49,2420.48,2420.47,2420.43,2420.41,2420.40,2420.39,2420.38,0.828,1.286,1.000,1.000,0.288,0.600,0.275,1.000,1.145,0.600,2.036,3.334,1.184,2.177,3.301,2.000,5.546,4.057,2.000,5.127,2421.09,2421.10,2421.13,2421.23,2421.27,2421.39,2421.40,2421.61,2421.62,2421.74,2421.79,2421.92,2421.93,2421.98,2421.99,2422.00,2422.03,2422.04,2422.07,2422.17,6.245,0.161,0.003,0.200,0.918,0.200,0.272,0.900,0.247,0.100,0.036,0.869,4.130,0.911,2.000,0.971,0.894,3.743,0.509,2.627,Ticker,2420.61,0.3,-726.183
1619138808443,depth_update,Depth,2420.61,2420.50,2420.48,2420.47,2420.38,2420.37,2420.36,2420.35,2420.31,2420.30,2420.29,2420.23,2420.22,2420.21,2420.20,2420.18,2420.11,2420.10,2420.04,2420.01,0.800,2.632,0.157,0.056,0.009,2.066,0.319,2.000,0.053,1.060,1.184,0.400,2.020,2.000,2.020,2.432,2.000,10.026,2.238,0.400,2420.62,2420.63,2421.03,2421.08,2421.09,2421.10,2421.23,2421.35,2421.38,2421.39,2421.40,2421.59,2421.62,2421.76,2421.79,2421.85,2421.87,2421.91,2421.97,2422.00,0.941,1.574,0.970,0.004,1.346,0.161,0.200,0.100,0.900,0.020,0.971,0.200,2.247,0.200,0.016,0.505,1.180,1.181,32.829,3.678,Ticker,2420.61,0.3,-726.183
1619138808699,depth_update,Depth,2420.54,2420.48,2420.47,2420.38,2420.36,2420.35,2420.31,2420.30,2420.29,2420.23,2420.22,2420.21,2420.20,2420.18,2420.11,2420.10,2420.04,2420.01,2420.00,2419.98,0.800,0.106,0.056,0.009,1.439,2.000,0.053,0.260,1.184,2.424,2.020,2.000,2.020,2.432,2.000,7.026,2.238,2.000,16.705,3.334,2420.55,2420.56,2420.62,2420.63,2421.09,2421.22,2421.23,2421.33,2421.35,2421.40,2421.41,2421.46,2421.47,2421.57,2421.73,2421.85,2421.87,2421.91,2421.97,2422.03,0.497,0.161,0.941,0.050,1.346,2.758,2.220,0.512,3.778,0.971,24.131,10.000,2.014,4.131,7.500,0.505,5.311,1.381,32.829,1.000,Ticker,2420.61,0.3,-726.183
1619138808951,depth_update,Depth,2420.23,2420.22,2420.21,2420.20,2420.19,2420.18,2420.17,2420.15,2420.11,2420.10,2420.08,2420.05,2420.04,2420.01,2420.00,2419.94,2419.93,2419.92,2419.89,2419.86,0.364,0.020,2.400,2.020,2.000,2.432,0.319,2.259,2.000,5.846,0.200,2.000,2.238,2.000,16.705,0.059,2.665,4.394,1.479,2.066,2420.49,2420.55,2420.56,2420.63,2420.76,2421.09,2421.19,2421.20,2421.22,2421.23,2421.32,2421.33,2421.35,2421.40,2421.41,2421.46,2421.47,2421.50,2421.66,2421.69,1.842,0.009,0.161,0.050,0.272,1.346,2.530,3.678,2.515,0.220,0.200,0.512,0.100,0.971,20.000,10.000,2.014,4.131,1.180,1.181,Ticker,2420.61,0.3,-726.183
1619138808949,ticker_update,Depth,2420.23,2420.22,2420.21,2420.20,2420.19,2420.18,2420.17,2420.15,2420.11,2420.10,2420.08,2420.05,2420.04,2420.01,2420.00,2419.94,2419.93,2419.92,2419.89,2419.86,0.364,0.020,2.400,2.020,2.000,2.432,0.319,2.259,2.000,5.846,0.200,2.000,2.238,2.000,16.705,0.059,2.665,4.394,1.479,2.066,2420.49,2420.55,2420.56,2420.63,2420.76,2421.09,2421.19,2421.20,2421.22,2421.23,2421.32,2421.33,2421.35,2421.40,2421.41,2421.46,2421.47,2421.50,2421.66,2421.69,1.842,0.009,0.161,0.050,0.272,1.346,2.530,3.678,2.515,0.220,0.200,0.512,0.100,0.971,20.000,10.000,2.014,4.131,1.180,1.181,Ticker,2420.49,0.2,-484.09799999999996
1619138809201,depth_update,Depth,2419.84,2419.82,2419.80,2419.78,2419.76,2419.75,2419.73,2419.67,2419.66,2419.65,2419.55,2419.54,2419.50,2419.49,2419.44,2419.43,2419.39,2419.35,2419.34,2419.32,0.469,0.278,3.000,18.217,0.013,0.125,1.180,0.124,2.061,1.785,2.600,10.553,1.057,0.200,13.184,12.343,0.825,2.667,2.072,1.184,2420.02,2420.07,2420.09,2420.11,2420.17,2420.18,2420.19,2420.22,2420.40,2420.46,2420.49,2420.55,2420.56,2420.63,2420.65,2420.66,2420.76,2420.89,2421.07,2421.08,2.461,0.250,1.467,3.128,12.394,1.477,9.900,0.008,0.932,9.900,0.012,0.009,0.030,2.070,6.778,2.220,2.863,0.971,2.925,3.097,Ticker,2420.49,0.2,-484.09799999999996
1619138809441,ticker_update,Depth,2419.84,2419.82,2419.80,2419.78,2419.76,2419.75,2419.73,2419.67,2419.66,2419.65,2419.55,2419.54,2419.50,2419.49,2419.44,2419.43,2419.39,2419.35,2419.34,2419.32,0.469,0.278,3.000,18.217,0.013,0.125,1.180,0.124,2.061,1.785,2.600,10.553,1.057,0.200,13.184,12.343,0.825,2.667,2.072,1.184,2420.02,2420.07,2420.09,2420.11,2420.17,2420.18,2420.19,2420.22,2420.40,2420.46,2420.49,2420.55,2420.56,2420.63,2420.65,2420.66,2420.76,2420.89,2421.07,2421.08,2.461,0.250,1.467,3.128,12.394,1.477,9.900,0.008,0.932,9.900,0.012,0.009,0.030,2.070,6.778,2.220,2.863,0.971,2.925,3.097,Ticker,2419.81,0.003,-7.25943
1619138809453,depth_update,Depth,2419.55,2419.50,2419.44,2419.34,2419.33,2419.32,2419.31,2419.23,2419.22,2419.20,2419.19,2419.18,2419.14,2419.12,2419.09,2419.02,2419.00,2418.99,2418.95,2418.94,0.800,0.319,2.020,0.092,0.200,1.184,2.101,1.200,0.199,2.020,11.714,0.103,2.077,2.025,1.000,0.155,1.365,4.148,10.553,0.003,2419.81,2419.86,2419.90,2419.93,2419.95,2420.00,2420.01,2420.02,2420.09,2420.17,2420.18,2420.40,2420.45,2420.46,2420.49,2420.55,2420.56,2420.58,2420.62,2420.63,0.787,0.257,0.800,1.661,0.053,0.272,1.500,1.670,0.010,0.161,0.010,0.932,2.082,9.900,2.032,2.029,2.050,3.098,4.846,2.050,Ticker,2419.81,0.003,-7.25943
1619138809703,depth_update,Depth,2419.85,2419.40,2419.34,2419.22,2419.20,2419.18,2419.14,2419.12,2419.09,2419.08,2419.07,2419.06,2419.05,2419.02,2419.01,2419.00,2418.98,2418.94,2418.90,2418.85,0.733,10.731,0.072,0.220,0.030,0.123,2.097,2.025,2.200,0.698,1.785,2.000,1.180,2.175,0.807,0.199,2.000,2.023,4.129,2.675,2419.86,2419.92,2419.93,2419.95,2420.00,2420.03,2420.16,2420.18,2420.22,2420.27,2420.32,2420.33,2420.34,2420.37,2420.41,2420.42,2420.46,2420.49,2420.50,2420.55,3.829,6.018,0.010,0.014,0.272,8.497,1.500,0.020,0.020,0.400,2.064,6.083,2.863,31.041,2.100,2.450,9.900,2.020,100.000,2.009,Ticker,2419.81,0.003,-7.25943
1619138809953,depth_update,Depth,2419.79,2419.29,2419.20,2419.19,2419.18,2419.15,2419.14,2419.12,2419.07,2419.06,2419.05,2419.02,2419.00,2418.94,2418.88,2418.87,2418.85,2418.84,2418.82,2418.80,0.733,6.424,0.030,0.300,0.094,0.319,0.077,0.005,0.288,0.380,1.220,0.155,0.020,2.023,0.810,1.184,2.675,2.907,1.124,2.555,2419.80,2419.82,2419.86,2419.90,2420.25,2420.27,2420.28,2420.39,2420.42,2420.46,2420.49,2420.50,2420.55,2420.56,2420.61,2420.62,2420.63,2420.65,2420.73,2420.81,2.062,0.253,0.024,3.098,4.132,0.120,0.971,3.047,2.450,9.900,2.020,0.575,8.157,2.030,1.500,1.180,3.231,6.778,0.200,7.500,Ticker,2419.81,0.003,-7.25943
1619138809917,ticker_update,Depth,2419.79,2419.29,2419.20,2419.19,2419.18,2419.15,2419.14,2419.12,2419.07,2419.06,2419.05,2419.02,2419.00,2418.94,2418.88,2418.87,2418.85,2418.84,2418.82,2418.80,0.733,6.424,0.030,0.300,0.094,0.319,0.077,0.005,0.288,0.380,1.220,0.155,0.020,2.023,0.810,1.184,2.675,2.907,1.124,2.555,2419.80,2419.82,2419.86,2419.90,2420.25,2420.27,2420.28,2420.39,2420.42,2420.46,2420.49,2420.50,2420.55,2420.56,2420.61,2420.62,2420.63,2420.65,2420.73,2420.81,2.062,0.253,0.024,3.098,4.132,0.120,0.971,3.047,2.450,9.900,2.020,0.575,8.157,2.030,1.500,1.180,3.231,6.778,0.200,7.500,Ticker,2419.79,0.4,-967.916
1619138810204,depth_update,Depth,2419.79,2419.32,2419.31,2419.30,2419.29,2419.28,2419.25,2419.24,2419.23,2419.20,2419.18,2419.17,2419.16,2419.15,2419.14,2419.13,2419.12,2419.09,2419.06,2419.05,12.921,0.567,0.535,1.551,0.024,0.199,0.288,0.668,3.152,0.030,1.278,2.000,2.525,0.319,1.556,0.797,0.005,3.098,2.380,2.040,2419.80,2419.86,2420.22,2420.24,2420.25,2420.29,2420.42,2420.49,2420.50,2420.51,2420.53,2420.55,2420.56,2420.62,2420.63,2420.70,2420.71,2420.73,2420.74,2420.76,0.013,0.024,1.951,2.522,4.132,0.255,2.000,2.020,2.000,1.184,17.254,6.143,2.030,0.253,2.050,0.124,0.126,2.020,0.100,0.005,Ticker,2419.79,0.4,-967.916
1619138810232,ticker_update,Depth,2419.79,2419.32,2419.31,2419.30,2419.29,2419.28,2419.25,2419.24,2419.23,2419.20,2419.18,2419.17,2419.16,2419.15,2419.14,2419.13,2419.12,2419.09,2419.06,2419.05,12.921,0.567,0.535,1.551,0.024,0.199,0.288,0.668,3.152,0.030,1.278,2.000,2.525,0.319,1.556,0.797,0.005,3.098,2.380,2.040,2419.80,2419.86,2420.22,2420.24,2420.25,2420.29,2420.42,2420.49,2420.50,2420.51,2420.53,2420.55,2420.56,2420.62,2420.63,2420.70,2420.71,2420.73,2420.74,2420.76,0.013,0.024,1.951,2.522,4.132,0.255,2.000,2.020,2.000,1.184,17.254,6.143,2.030,0.253,2.050,0.124,0.126,2.020,0.100,0.005,Ticker,2419.79,0.158,382.32682
1619138810472,depth_update,Depth,2419.79,2419.40,2419.25,2419.24,2419.23,2419.20,2419.19,2419.18,2419.15,2419.14,2419.12,2419.09,2419.06,2419.05,2419.04,2419.03,2419.02,2419.00,2418.99,2418.94,0.553,0.030,1.839,0.668,3.152,0.030,0.867,1.966,2.319,1.556,2.005,3.098,2.000,2.040,0.600,2.094,2.175,7.801,0.199,2.023,2419.80,2419.86,2420.17,2420.18,2420.19,2420.20,2420.29,2420.45,2420.49,2420.50,2420.51,2420.53,2420.55,2420.56,2420.62,2420.63,2420.70,2420.71,2420.73,2420.74,0.035,0.012,0.288,3.729,3.964,2.722,0.255,0.100,0.020,4.591,30.225,17.254,6.143,2.030,2.253,2.050,2.124,2.126,2.020,2.000,Ticker,2419.79,0.158,382.32682
1619138810735,depth_update,Depth,2419.85,2419.49,2419.32,2419.28,2419.25,2419.23,2419.22,2419.20,2419.19,2419.18,2419.16,2419.15,2419.14,2419.12,2419.10,2419.09,2419.07,2419.06,2419.05,2419.04,1.467,6.000,0.009,0.199,1.551,1.046,2.000,2.050,0.867,1.184,1.700,2.719,2.020,2.005,2.525,3.098,1.785,2.000,2.040,2.600,2419.86,2419.99,2420.22,2420.23,2420.37,2420.38,2420.39,2420.44,2420.48,2420.51,2420.53,2420.55,2420.56,2420.62,2420.63,2420.65,2420.69,2420.70,2420.71,2420.73,0.903,0.009,1.500,0.263,4.587,0.400,3.047,1.600,4.132,1.184,17.254,2.029,2.050,2.253,2.050,71.446,1.323,2.124,2.126,2.020,Ticker,2419.79,0.158,382.32682
1619138810968,ticker_update,Depth,2419.85,2419.49,2419.32,2419.28,2419.25,2419.23,2419.22,2419.20,2419.19,2419.18,2419.16,2419.15,2419.14,2419.12,2419.10,2419.09,2419.07,2419.06,2419.05,2419.04,1.467,6.000,0.009,0.199,1.551,1.046,2.000,2.050,0.867,1.184,1.700,2.719,2.020,2.005,2.525,3.098,1.785,2.000,2.040,2.600,2419.86,2419.99,2420.22,2420.23,2420.37,2420.38,2420.39,2420.44,2420.48,2420.51,2420.53,2420.55,2420.56,2420.62,2420.63,2420.65,2420.69,2420.70,2420.71,2420.73,0.903,0.009,1.500,0.263,4.587,0.400,3.047,1.600,4.132,1.184,17.254,2.029,2.050,2.253,2.050,71.446,1.323,2.124,2.126,2.020,Ticker,2420.62,0.014,33.88868
1619138810995,depth_update,Depth,2420.54,2420.52,2420.48,2420.39,2420.21,2420.20,2419.98,2419.86,2419.85,2419.83,2419.80,2419.69,2419.64,2419.61,2419.57,2419.56,2419.55,2419.54,2419.53,2419.43,0.040,2.394,5.600,6.000,1.690,0.776,10.331,0.319,0.397,10.024,0.030,50.959,3.152,5.751,0.554,1.184,1.479,0.199,40.000,1.180,2420.76,2420.80,2420.90,2420.95,2420.98,2421.02,2421.09,2421.16,2421.17,2421.22,2421.23,2421.25,2421.26,2421.30,2421.32,2421.34,2421.41,2421.42,2421.79,2421.86,1.871,0.400,2.000,12.500,0.111,0.030,1.346,0.600,0.218,0.971,0.124,1.500,32.817,3.000,19.163,6.497,4.800,6.000,20.000,5.000,Ticker,2420.62,0.014,33.88868
1619138811245,depth_update,Depth,2421.00,2420.76,2420.72,2420.71,2420.70,2420.62,2420.55,2420.54,2420.53,2420.52,2420.40,2420.21,2420.20,2420.19,2420.11,2420.10,2420.09,2420.01,2420.00,2419.91,0.400,1.500,8.844,0.262,0.040,0.040,1.722,0.040,0.749,0.550,2.065,5.029,0.975,3.098,4.131,2.000,1.479,0.200,2.020,2.020,2421.09,2421.30,2421.31,2421.45,2421.61,2421.67,2421.78,2421.79,2421.91,2421.92,2421.93,2421.94,2421.95,2421.97,2421.99,2422.00,2422.03,2422.04,2422.05,2422.06,0.335,3.000,0.200,7.738,25.057,0.100,6.497,20.000,2.000,1.113,15.000,2.020,2.273,4.131,21.792,1.070,23.644,4.035,20.000,20.000,Ticker,2420.62,0.014,33.88868
1619138811424,ticker_update,Depth,2421.00,2420.76,2420.72,2420.71,2420.70,2420.62,2420.55,2420.54,2420.53,2420.52,2420.40,2420.21,2420.20,2420.19,2420.11,2420.10,2420.09,2420.01,2420.00,2419.91,0.400,1.500,8.844,0.262,0.040,0.040,1.722,0.040,0.749,0.550,2.065,5.029,0.975,3.098,4.131,2.000,1.479,0.200,2.020,2.020,2421.09,2421.30,2421.31,2421.45,2421.61,2421.67,2421.78,2421.79,2421.91,2421.92,2421.93,2421.94,2421.95,2421.97,2421.99,2422.00,2422.03,2422.04,2422.05,2422.06,0.335,3.000,0.200,7.738,25.057,0.100,6.497,20.000,2.000,1.113,15.000,2.020,2.273,4.131,21.792,1.070,23.644,4.035,20.000,20.000,Ticker,2420.39,0.854,-2067.0130599999998
1619138811498,depth_update,Depth,2420.76,2420.72,2420.68,2420.62,2420.56,2420.48,2420.32,2420.22,2420.21,2420.19,2420.16,2420.02,2420.01,2420.00,2419.92,2419.91,2419.90,2419.87,2419.85,2419.83,0.111,0.070,0.017,0.827,1.000,0.400,0.040,0.661,2.020,1.180,1.200,0.199,2.020,2.020,2.812,2.000,2.000,2.257,2.000,10.024,2420.82,2420.84,2420.96,2420.97,2421.05,2421.08,2421.09,2421.21,2421.27,2421.30,2421.44,2421.48,2421.49,2421.51,2421.70,2421.81,2421.87,2421.89,2421.90,2421.91,0.400,0.642,0.269,3.036,0.005,8.455,0.585,0.319,2.272,3.200,2.339,0.100,2.020,4.015,4.131,0.280,2.000,4.807,4.605,2.000,Ticker,2420.39,0.854,-2067.0130599999998
1619138811749,depth_update,Depth,2420.57,2420.28,2420.26,2420.23,2420.22,2420.21,2420.19,2420.16,2420.15,2420.08,2420.02,2420.01,2420.00,2419.98,2419.96,2419.95,2419.93,2419.92,2419.91,2419.90,0.007,0.970,0.642,1.485,2.063,3.152,1.180,2.400,2.000,1.184,2.020,2.020,2.020,2.000,0.661,2.219,0.200,4.544,3.553,6.751,2420.78,2420.79,2420.81,2420.82,2420.84,2420.97,2421.05,2421.08,2421.09,2421.21,2421.27,2421.28,2421.29,2421.30,2421.31,2421.43,2421.44,2421.47,2421.48,2421.61,3.445,0.658,0.273,1.301,0.671,0.503,0.005,0.200,0.585,0.319,0.272,0.676,4.598,0.220,2.100,2.339,2.524,2.450,2.000,1.993,Ticker,2420.39,0.854,-2067.0130599999998
1619138811917,ticker_update,Depth,2420.57,2420.28,2420.26,2420.23,2420.22,2420.21,2420.19,2420.16,2420.15,2420.08,2420.02,2420.01,2420.00,2419.98,2419.96,2419.95,2419.93,2419.92,2419.91,2419.90,0.007,0.970,0.642,1.485,2.063,3.152,1.180,2.400,2.000,1.184,2.020,2.020,2.020,2.000,0.661,2.219,0.200,4.544,3.553,6.751,2420.78,2420.79,2420.81,2420.82,2420.84,2420.97,2421.05,2421.08,2421.09,2421.21,2421.27,2421.28,2421.29,2421.30,2421.31,2421.43,2421.44,2421.47,2421.48,2421.61,3.445,0.658,0.273,1.301,0.671,0.503,0.005,0.200,0.585,0.319,0.272,0.676,4.598,0.220,2.100,2.339,2.524,2.450,2.000,1.993,Ticker,2420.07,0.154,-372.69078
1619138812000,depth_update,Depth,2419.97,2419.71,2419.69,2419.64,2419.55,2419.47,2419.37,2419.35,2419.32,2419.28,2419.27,2419.20,2419.19,2419.13,2419.12,2419.08,2419.05,2419.04,2419.03,2419.02,0.733,7.370,0.055,0.838,0.400,19.129,44.809,17.129,4.609,4.132,2.020,0.030,2.667,2.000,2.025,0.199,1.280,7.895,5.846,2.175,2419.98,2420.02,2420.19,2420.25,2420.27,2420.28,2420.29,2420.45,2420.46,2420.56,2420.59,2420.62,2420.63,2420.73,2420.74,2420.75,2420.77,2420.82,2420.98,2421.02,0.642,0.345,0.257,3.045,3.318,0.975,0.503,0.025,2.000,1.184,31.070,4.865,5.098,0.100,0.971,9.900,8.207,1.301,2.000,2.000,Ticker,2420.07,0.154,-372.69078
1619138812251,depth_update,Depth,2419.56,2419.34,2419.33,2419.32,2419.26,2419.13,2419.12,2419.05,2419.04,2419.02,2419.01,2418.99,2418.94,2418.93,2418.92,2418.90,2418.89,2418.84,2418.81,2418.80,0.642,2.066,0.838,4.609,0.380,4.132,1.185,0.280,2.144,3.575,17.129,2.044,2.202,8.775,17.820,3.000,35.343,1.000,2.000,0.638,2419.63,2419.69,2419.76,2419.77,2419.86,2419.88,2419.96,2419.97,2419.98,2420.15,2420.17,2420.29,2420.32,2420.40,2420.42,2420.44,2420.45,2420.50,2420.51,2420.52,0.400,0.400,3.445,0.400,0.200,0.277,0.288,1.391,0.004,2.334,0.029,0.503,29.041,0.100,71.446,0.400,100.005,10.000,6.199,0.287,Ticker,2420.07,0.154,-372.69078
1619138812458,ticker_update,Depth,2419.56,2419.34,2419.33,2419.32,2419.26,2419.13,2419.12,2419.05,2419.04,2419.02,2419.01,2418.99,2418.94,2418.93,2418.92,2418.90,2418.89,2418.84,2418.81,2418.80,0.642,2.066,0.838,4.609,0.380,4.132,1.185,0.280,2.144,3.575,17.129,2.044,2.202,8.775,17.820,3.000,35.343,1.000,2.000,0.638,2419.63,2419.69,2419.76,2419.77,2419.86,2419.88,2419.96,2419.97,2419.98,2420.15,2420.17,2420.29,2420.32,2420.40,2420.42,2420.44,2420.45,2420.50,2420.51,2420.52,0.400,0.400,3.445,0.400,0.200,0.277,0.288,1.391,0.004,2.334,0.029,0.503,29.041,0.100,71.446,0.400,100.005,10.000,6.199,0.287,Ticker,2419.92,0.005,-12.0996
1619138812502,depth_update,Depth,2419.78,2419.56,2419.36,2419.32,2419.26,2419.13,2419.12,2419.07,2419.06,2419.03,2419.02,2419.00,2418.99,2418.95,2418.94,2418.90,2418.85,2418.80,2418.79,2418.78,5.500,7.740,0.141,4.609,6.380,1.479,0.005,1.785,1.184,2.525,3.555,6.199,2.044,1.785,2.222,3.000,1.000,2.050,0.838,3.335,2419.89,2419.91,2419.92,2419.96,2419.97,2420.13,2420.15,2420.24,2420.27,2420.28,2420.29,2420.39,2420.40,2420.44,2420.45,2420.49,2420.50,2420.51,2420.52,2420.55,0.400,0.400,0.965,0.288,1.391,2.065,1.398,0.319,2.066,2.000,2.503,0.656,2.000,2.000,31.041,2.334,10.000,0.400,2.000,91.446,Ticker,2419.92,0.005,-12.0996
1619138812753,depth_update,Depth,2419.90,2419.72,2419.46,2419.41,2419.33,2419.25,2419.21,2419.20,2419.16,2419.15,2419.14,2419.12,2419.09,2419.07,2419.06,2419.03,2419.02,2419.01,2419.00,2418.99,6.600,24.380,0.800,2.642,2.200,3.794,0.866,0.050,6.199,2.219,5.751,7.871,3.098,1.057,1.184,1.785,1.400,2.020,2.050,2.044,2419.91,2419.97,2420.20,2420.23,2420.24,2420.50,2420.51,2420.52,2420.67,2420.68,2420.69,2420.74,2420.77,2420.80,2420.82,2420.88,2420.98,2420.99,2421.01,2421.08,0.133,0.749,0.128,0.262,6.452,0.797,0.656,6.133,2.412,4.800,6.000,0.971,8.207,4.575,1.301,1.000,4.208,12.500,0.280,2.334,Ticker,2419.92,0.005,-12.0996
1619138812949,ticker_update,Depth,2419.90,2419.72,2419.46,2419.41,2419.33,2419.25,2419.21,2419.20,2419.16,2419.15,2419.14,2419.12,2419.09,2419.07,2419.06,2419.03,2419.02,2419.01,2419.00,2418.99,6.600,24.380,0.800,2.642,2.200,3.794,0.866,0.050,6.199,2.219,5.751,7.871,3.098,1.057,1.184,1.785,1.400,2.020,2.050,2.044,2419.91,2419.97,2420.20,2420.23,2420.24,2420.50,2420.51,2420.52,2420.67,2420.68,2420.69,2420.74,2420.77,2420.80,2420.82,2420.88,2420.98,2420.99,2421.01,2421.08,0.133,0.749,0.128,0.262,6.452,0.797,0.656,6.133,2.412,4.800,6.000,0.971,8.207,4.575,1.301,1.000,4.208,12.500,0.280,2.334,Ticker,2420.42,0.272,658.3542400000001
1619138813004,depth_update,Depth,2420.40,2420.36,2420.29,2420.28,2420.27,2420.21,2420.07,2420.06,2419.92,2419.91,2419.88,2419.87,2419.80,2419.77,2419.73,2419.72,2419.70,2419.68,2419.67,2419.62,5.600,10.329,0.101,0.345,0.400,0.301,0.200,0.319,2.000,0.737,0.199,0.666,0.030,1.180,1.269,24.380,1.184,8.401,6.198,1.479,2420.42,2420.80,2420.82,2420.95,2420.99,2421.01,2421.04,2421.09,2421.16,2421.17,2421.27,2421.28,2421.31,2421.34,2421.39,2421.42,2421.46,2421.55,2421.56,2421.60,0.370,0.030,1.561,0.797,12.500,0.280,0.124,0.585,2.509,1.184,2.992,2.525,0.971,0.100,4.132,4.253,25.223,2.000,4.284,3.000,Ticker,2420.42,0.272,658.3542400000001
1619138813257,depth_update,Depth,2420.40,2420.08,2419.93,2419.91,2419.88,2419.80,2419.77,2419.70,2419.68,2419.60,2419.56,2419.55,2419.50,2419.49,2419.48,2419.46,2419.44,2419.43,2419.40,2419.37,0.400,0.200,1.504,0.494,2.219,2.050,1.180,1.184,8.401,2.050,0.800,17.129,3.000,2.020,26.595,6.551,18.214,17.129,0.030,4.129,2420.42,2420.79,2420.80,2420.82,2420.95,2421.01,2421.04,2421.09,2421.13,2421.14,2421.15,2421.16,2421.17,2421.22,2421.27,2421.28,2421.31,2421.34,2421.39,2421.46,0.370,0.200,0.030,1.561,0.797,0.280,0.124,0.585,0.838,0.915,2.334,0.509,1.184,0.400,5.334,20.000,0.971,12.120,4.132,2.166,Ticker,2420.42,0.272,658.3542400000001
1619138813380,ticker_update,Depth,2420.40,2420.08,2419.93,2419.91,2419.88,2419.80,2419.77,2419.70,2419.68,2419.60,2419.56,2419.55,2419.50,2419.49,2419.48,2419.46,2419.44,2419.43,2419.40,2419.37,0.400,0.200,1.504,0.494,2.219,2.050,1.180,1.184,8.401,2.050,0.800,17.129,3.000,2.020,26.595,6.551,18.214,17.129,0.030,4.129,2420.42,2420.79,2420.80,2420.82,2420.95,2421.01,2421.04,2421.09,2421.13,2421.14,2421.15,2421.16,2421.17,2421.22,2421.27,2421.28,2421.31,2421.34,2421.39,2421.46,0.370,0.200,0.030,1.561,0.797,0.280,0.124,0.585,0.838,0.915,2.334,0.509,1.184,0.400,5.334,20.000,0.971,12.120,4.132,2.166,Ticker,2420.4,0.112,-271.08480000000003
1619138813513,depth_update,Depth,2420.39,2420.27,2419.99,2419.94,2419.93,2419.92,2419.91,2419.85,2419.84,2419.83,2419.77,2419.75,2419.70,2419.69,2419.62,2419.58,2419.57,2419.56,2419.52,2419.51,1.053,8.035,0.970,0.658,0.666,0.380,0.494,0.160,0.838,6.197,1.180,1.479,0.200,3.098,2.219,2.525,1.809,0.800,3.335,5.751,2420.40,2420.42,2420.65,2420.77,2420.80,2420.81,2420.82,2420.93,2420.94,2420.95,2421.01,2421.02,2421.03,2421.04,2421.07,2421.08,2421.09,2421.12,2421.13,2421.16,5.071,0.027,1.248,0.319,0.030,2.334,1.301,1.058,1.184,0.797,0.280,2.529,1.000,2.144,2.941,2.100,2.585,0.838,4.131,2.509,Ticker,2420.4,0.112,-271.08480000000003
1619138813771,depth_update,Depth,2420.11,2420.10,2419.94,2419.64,2419.62,2419.60,2419.56,2419.49,2419.46,2419.44,2419.42,2419.40,2419.36,2419.34,2419.33,2419.32,2419.23,2419.22,2419.21,2419.20,2.800,0.800,0.800,0.666,0.028,0.030,0.800,0.020,0.800,1.184,1.180,2.050,5.523,2.199,0.200,2.000,4.144,1.674,2.000,6.399,2420.12,2420.27,2420.37,2420.38,2420.40,2420.42,2420.51,2420.54,2420.55,2420.62,2420.63,2420.68,2420.77,2420.79,2420.82,2420.87,2420.92,2420.93,2420.94,2421.01,0.399,0.288,2.919,0.380,0.022,0.027,0.549,2.065,9.515,2.334,0.070,0.971,0.719,2.000,1.301,1.000,5.566,106.197,1.184,2.000,Ticker,2420.4,0.112,-271.08480000000003
1619138813927,ticker_update,Depth,2420.11,2420.10,2419.94,2419.64,2419.62,2419.60,2419.56,2419.49,2419.46,2419.44,2419.42,2419.40,2419.36,2419.34,2419.33,2419.32,2419.23,2419.22,2419.21,2419.20,2.800,0.800,0.800,0.666,0.028,0.030,0.800,0.020,0.800,1.184,1.180,2.050,5.523,2.199,0.200,2.000,4.144,1.674,2.000,6.399,2420.12,2420.27,2420.37,2420.38,2420.40,2420.42,2420.51,2420.54,2420.55,2420.62,2420.63,2420.68,2420.77,2420.79,2420.82,2420.87,2420.92,2420.93,2420.94,2421.01,0.399,0.288,2.919,0.380,0.022,0.027,0.549,2.065,9.515,2.334,0.070,0.971,0.719,2.000,1.301,1.000,5.566,106.197,1.184,2.000,Ticker,2420.11,0.263,-636.4889300000001
1619138814023,depth_update,Depth,2420.09,2420.06,2419.82,2419.81,2419.67,2419.66,2419.60,2419.56,2419.53,2419.46,2419.45,2419.44,2419.42,2419.40,2419.39,2419.38,2419.36,2419.35,2419.34,2419.33,2.545,10.330,1.370,0.400,0.200,7.491,2.830,0.800,0.666,0.800,1.479,1.000,1.180,2.050,3.098,2.020,0.294,1.785,2.000,2.020,2420.10,2420.11,2420.12,2420.37,2420.38,2420.39,2420.40,2420.42,2420.48,2420.51,2420.54,2420.55,2420.60,2420.62,2420.63,2420.67,2420.76,2420.77,2420.79,2420.82,0.425,0.063,0.549,2.334,0.380,0.274,0.022,0.047,2.000,2.272,0.648,8.857,2.000,2.400,2.050,0.809,1.000,2.000,2.000,1.301,Ticker,2420.11,0.263,-636.4889300000001
1619138814278,depth_update,Depth,2420.09,2420.03,2419.83,2419.82,2419.81,2419.67,2419.66,2419.60,2419.56,2419.53,2419.46,2419.42,2419.41,2419.40,2419.39,2419.38,2419.36,2419.34,2419.33,2419.32,10.330,1.000,6.006,0.400,0.400,0.866,7.491,1.830,0.800,6.198,0.800,1.180,2.525,2.050,3.098,2.020,2.294,2.000,2.020,2.000,2420.12,2420.35,2420.39,2420.40,2420.42,2420.51,2420.55,2420.59,2420.60,2420.62,2420.63,2420.77,2420.79,2420.82,2420.83,2420.90,2420.91,2420.94,2420.95,2420.99,0.237,2.334,0.274,0.013,0.047,0.272,8.857,0.648,2.000,2.000,2.050,2.000,2.000,1.301,2.100,3.606,4.131,1.184,0.971,2.525,Ticker,2420.11,0.263,-636.4889300000001
1619138814440,ticker_update,Depth,2420.09,2420.03,2419.83,2419.82,2419.81,2419.67,2419.66,2419.60,2419.56,2419.53,2419.46,2419.42,2419.41,2419.40,2419.39,2419.38,2419.36,2419.34,2419.33,2419.32,10.330,1.000,6.006,0.400,0.400,0.866,7.491,1.830,0.800,6.198,0.800,1.180,2.525,2.050,3.098,2.020,2.294,2.000,2.020,2.000,2420.12,2420.35,2420.39,2420.40,2420.42,2420.51,2420.55,2420.59,2420.60,2420.62,2420.63,2420.77,2420.79,2420.82,2420.83,2420.90,2420.91,2420.94,2420.95,2420.99,0.237,2.334,0.274,0.013,0.047,0.272,8.857,0.648,2.000,2.000,2.050,2.000,2.000,1.301,2.100,3.606,4.131,1.184,0.971,2.525,Ticker,2420.1,2.429,-5878.4229
1619138814532,depth_update,Depth,2420.30,2420.25,2420.23,2420.13,2420.12,2420.10,2420.05,2419.99,2419.92,2419.82,2419.81,2419.79,2419.78,2419.77,2419.75,2419.69,2419.68,2419.67,2419.64,2419.63,0.400,0.400,1.000,0.503,0.342,8.556,0.272,0.272,0.200,1.180,94.000,0.220,54.057,2.048,1.387,1.057,0.674,2.219,0.554,2.525,2420.48,2420.50,2420.63,2420.82,2420.98,2420.99,2421.01,2421.04,2421.05,2421.06,2421.07,2421.08,2421.09,2421.14,2421.17,2421.20,2421.25,2421.26,2421.27,2421.28,0.097,3.134,0.050,1.301,0.648,1.000,6.198,2.066,2.530,0.576,1.082,3.097,2.585,2.174,4.131,2.120,2.525,0.809,5.880,20.000,Ticker,2420.1,2.429,-5878.4229
1619138814783,depth_update,Depth,2420.48,2420.40,2420.23,2420.13,2420.12,2420.11,2420.10,2420.08,2420.06,2420.05,2420.02,2420.01,2419.92,2419.82,2419.80,2419.79,2419.77,2419.76,2419.75,2419.69,11.823,0.380,1.970,0.503,0.342,0.296,8.556,3.000,0.272,0.272,0.200,1.180,6.197,1.000,2.050,5.318,2.048,2.020,1.387,1.057,2420.49,2420.50,2420.63,2420.82,2421.03,2421.04,2421.08,2421.09,2421.10,2421.20,2421.26,2421.29,2421.30,2421.34,2421.39,2421.40,2421.41,2421.42,2421.43,2421.45,5.617,3.256,0.050,1.301,0.648,2.066,3.000,0.585,6.000,0.120,2.400,0.809,1.000,4.158,1.082,9.186,2.124,2.000,13.884,2.253,Ticker,2420.1,2.429,-5878.4229
1619138814690,ticker_update,Depth,2420.48,2420.40,2420.23,2420.13,2420.12,2420.11,2420.10,2420.08,2420.06,2420.05,2420.02,2420.01,2419.92,2419.82,2419.80,2419.79,2419.77,2419.76,2419.75,2419.69,11.823,0.380,1.970,0.503,0.342,0.296,8.556,3.000,0.272,0.272,0.200,1.180,6.197,1.000,2.050,5.318,2.048,2.020,1.387,1.057,2420.49,2420.50,2420.63,2420.82,2421.03,2421.04,2421.08,2421.09,2421.10,2421.20,2421.26,2421.29,2421.30,2421.34,2421.39,2421.40,2421.41,2421.42,2421.43,2421.45,5.617,3.256,0.050,1.301,0.648,2.066,3.000,0.585,6.000,0.120,2.400,0.809,1.000,4.158,1.082,9.186,2.124,2.000,13.884,2.253,Ticker,2420.48,0.01,24.204800000000002
1619138815036,depth_update,Depth,2420.48,2420.23,2420.18,2420.13,2420.12,2420.11,2420.10,2420.06,2420.05,2419.93,2419.92,2419.85,2419.82,2419.80,2419.79,2419.77,2419.76,2419.74,2419.69,2419.68,11.423,1.000,0.970,0.503,0.342,0.296,8.556,0.272,0.272,0.200,6.197,1.184,1.000,2.050,5.318,2.048,2.020,1.180,1.457,3.199,2420.49,2420.50,2420.54,2420.63,2420.74,2420.76,2420.82,2421.03,2421.04,2421.08,2421.09,2421.10,2421.20,2421.26,2421.29,2421.30,2421.33,2421.34,2421.39,2421.40,8.692,0.207,0.319,0.050,0.380,0.272,1.301,1.048,2.066,3.000,0.585,6.000,0.120,2.000,0.809,1.000,1.184,4.158,5.181,6.656,Ticker,2420.48,0.01,24.204800000000002
1619138815289,depth_update,Depth,2420.48,2420.14,2420.13,2420.11,2420.10,2420.06,2419.93,2419.92,2419.85,2419.82,2419.80,2419.79,2419.77,2419.76,2419.74,2419.69,2419.68,2419.67,2419.65,2419.64,11.423,0.970,0.503,0.045,8.556,0.272,0.296,6.197,1.184,1.000,2.050,5.318,2.020,2.020,1.180,1.457,3.199,2.219,5.751,2.000,2420.49,2420.50,2420.54,2420.63,2420.74,2420.76,2420.82,2420.87,2421.03,2421.04,2421.07,2421.09,2421.10,2421.20,2421.26,2421.30,2421.33,2421.34,2421.38,2421.39,8.726,0.197,0.319,0.050,0.380,0.272,1.301,0.200,0.657,2.066,2.014,0.585,6.000,0.120,2.000,1.000,1.184,4.158,0.577,5.181,Ticker,2420.48,0.01,24.204800000000002
1619138815403,ticker_update,Depth,2420.48,2420.14,2420.13,2420.11,2420.10,2420.06,2419.93,2419.92,2419.85,2419.82,2419.80,2419.79,2419.77,2419.76,2419.74,2419.69,2419.68,2419.67,2419.65,2419.64,11.423,0.970,0.503,0.045,8.556,0.272,0.296,6.197,1.184,1.000,2.050,5.318,2.020,2.020,1.180,1.457,3.199,2.219,5.751,2.000,2420.49,2420.50,2420.54,2420.63,2420.74,2420.76,2420.82,2420.87,2421.03,2421.04,2421.07,2421.09,2421.10,2421.20,2421.26,2421.30,2421.33,2421.34,2421.38,2421.39,8.726,0.197,0.319,0.050,0.380,0.272,1.301,0.200,0.657,2.066,2.014,0.585,6.000,0.120,2.000,1.000,1.184,4.158,0.577,5.181,Ticker,2420.63,0.002,4.84126
1619138815541,depth_update,Depth,2420.48,2420.39,2420.34,2420.25,2420.20,2420.15,2420.14,2420.13,2420.11,2420.10,2420.08,2420.05,2420.04,2420.00,2419.99,2419.93,2419.92,2419.90,2419.89,2419.88,44.142,0.970,0.380,0.264,0.302,1.184,6.916,0.503,0.473,1.180,0.009,0.200,1.000,2.030,2.821,2.000,6.396,10.553,6.000,1.387,2420.49,2420.56,2420.63,2420.82,2421.04,2421.09,2421.27,2421.30,2421.34,2421.35,2421.38,2421.39,2421.41,2421.42,2421.43,2421.45,2421.47,2421.48,2421.51,2421.56,0.286,0.467,0.048,1.301,2.066,0.585,3.215,0.809,0.027,20.000,2.100,4.099,12.124,2.000,13.884,2.000,2.005,0.400,1.000,4.284,Ticker,2420.63,0.002,4.84126
1619138815791,depth_update,Depth,2420.81,2420.74,2420.63,2420.56,2420.55,2420.49,2420.48,2420.38,2420.35,2420.34,2420.28,2420.25,2420.24,2420.22,2420.20,2420.15,2420.14,2420.13,2420.11,2420.10,3.344,0.016,0.259,1.855,12.828,13.587,21.387,0.800,1.000,0.380,0.199,6.796,40.960,6.000,2.302,1.184,12.667,2.503,2.073,1.180,2420.82,2421.09,2421.21,2421.26,2421.41,2421.42,2421.43,2421.45,2421.47,2421.48,2421.55,2421.56,2421.59,2421.63,2421.64,2421.65,2421.66,2421.67,2421.69,2421.70,0.408,0.585,0.970,0.009,0.124,4.815,12.500,2.000,2.005,2.000,3.000,4.284,2.000,2.525,2.020,7.500,15.607,0.971,20.000,11.200,Ticker,2420.63,0.002,4.84126
1619138815919,ticker_update,Depth,2420.81,2420.74,2420.63,2420.56,2420.55,2420.49,2420.48,2420.38,2420.35,2420.34,2420.28,2420.25,2420.24,2420.22,2420.20,2420.15,2420.14,2420.13,2420.11,2420.10,3.344,0.016,0.259,1.855,12.828,13.587,21.387,0.800,1.000,0.380,0.199,6.796,40.960,6.000,2.302,1.184,12.667,2.503,2.073,1.180,2420.82,2421.09,2421.21,2421.26,2421.41,2421.42,2421.43,2421.45,2421.47,2421.48,2421.55,2421.56,2421.59,2421.63,2421.64,2421.65,2421.66,2421.67,2421.69,2421.70,0.408,0.585,0.970,0.009,0.124,4.815,12.500,2.000,2.005,2.000,3.000,4.284,2.000,2.525,2.020,7.500,15.607,0.971,20.000,11.200,Ticker,2420.82,0.29,702.0378
1619138816043,depth_update,Depth,2420.74,2420.60,2420.57,2420.50,2420.49,2420.48,2420.35,2420.34,2420.28,2420.26,2420.25,2420.24,2420.22,2420.20,2420.15,2420.14,2420.13,2420.11,2420.09,2420.08,0.016,1.268,0.297,0.676,0.987,11.831,0.200,2.380,2.000,2.524,6.196,1.057,6.000,2.272,1.184,12.667,3.503,5.171,2.219,2.009,2420.75,2420.81,2420.82,2421.09,2421.23,2421.36,2421.37,2421.40,2421.41,2421.42,2421.43,2421.47,2421.63,2421.64,2421.65,2421.66,2421.67,2421.68,2421.69,2421.70,5.600,0.642,0.293,0.585,0.970,1.205,0.676,2.065,0.124,2.626,12.500,0.005,5.213,2.020,2.524,15.607,0.971,0.400,20.000,11.984,Ticker,2420.82,0.29,702.0378
1619138816295,depth_update,Depth,2420.49,2420.48,2420.34,2420.24,2420.20,2420.15,2420.14,2420.13,2420.11,2420.09,2420.08,2420.07,2420.05,2420.02,2420.00,2419.99,2419.90,2419.89,2419.84,2419.83,0.970,0.660,0.380,1.057,1.272,1.184,6.916,2.503,5.143,2.020,2.009,2.280,2.000,2.524,2.000,1.387,1.180,51.717,4.326,5.472,2420.75,2420.79,2420.82,2421.09,2421.27,2421.33,2421.35,2421.41,2421.44,2421.47,2421.48,2421.64,2421.66,2421.67,2421.68,2421.70,2421.72,2421.74,2421.80,2421.84,0.755,0.642,0.293,0.585,2.533,1.545,0.009,2.000,2.100,2.005,1.184,2.020,35.607,0.971,2.000,10.800,12.024,2.000,12.500,1.180,Ticker,2420.82,0.29,702.0378
1619138816364,ticker_update,Depth,2420.49,2420.48,2420.34,2420.24,2420.20,2420.15,2420.14,2420.13,2420.11,2420.09,2420.08,2420.07,2420.05,2420.02,2420.00,2419.99,2419.90,2419.89,2419.84,2419.83,0.970,0.660,0.380,1.057,1.272,1.184,6.916,2.503,5.143,2.020,2.009,2.280,2.000,2.524,2.000,1.387,1.180,51.717,4.326,5.472,2420.75,2420.79,2420.82,2421.09,2421.27,2421.33,2421.35,2421.41,2421.44,2421.47,2421.48,2421.64,2421.66,2421.67,2421.68,2421.70,2421.72,2421.74,2421.80,2421.84,0.755,0.642,0.293,0.585,2.533,1.545,0.009,2.000,2.100,2.005,1.184,2.020,35.607,0.971,2.000,10.800,12.024,2.000,12.500,1.180,Ticker,2420.75,0.2,-484.15000000000003
1619138816547,depth_update,Depth,2420.74,2420.72,2420.69,2420.57,2420.56,2420.50,2420.49,2420.48,2420.36,2420.33,2420.31,2420.24,2420.22,2420.20,2420.18,2420.17,2420.15,2420.14,2420.13,2420.11,11.715,10.327,10.327,0.676,7.241,0.297,1.000,0.660,0.380,0.265,1.180,1.057,2.400,2.050,12.196,2.020,1.384,1.000,2.503,2.045,2420.75,2420.79,2421.09,2421.25,2421.26,2421.29,2421.43,2421.44,2421.46,2421.47,2421.48,2421.58,2421.59,2421.60,2421.61,2421.63,2421.64,2421.65,2421.66,2421.67,0.853,0.642,0.585,3.000,2.066,8.606,0.400,0.100,0.676,2.025,1.184,2.533,4.130,1.889,6.158,0.998,2.020,2.009,35.607,0.971,Ticker,2420.75,0.2,-484.15000000000003
1619138816804,depth_update,Depth,2420.74,2420.69,2420.51,2420.50,2420.48,2420.36,2420.32,2420.31,2420.24,2420.23,2420.22,2420.20,2420.18,2420.17,2420.15,2420.13,2420.11,2420.10,2420.09,2420.08,1.710,10.327,0.268,0.311,0.669,0.380,0.676,1.180,1.057,2.297,2.400,2.050,6.196,2.020,1.184,2.503,2.045,2.524,2.020,2.009,2420.75,2420.95,2421.05,2421.09,2421.23,2421.24,2421.26,2421.29,2421.42,2421.43,2421.44,2421.47,2421.48,2421.58,2421.59,2421.60,2421.61,2421.63,2421.64,2421.65,10.599,0.652,0.200,0.585,0.676,2.542,2.066,8.606,3.000,0.400,1.100,2.025,1.184,4.184,4.131,1.889,6.158,0.998,2.020,2.000,Ticker,2420.75,0.2,-484.15000000000003
1619138816812,ticker_update,Depth,2420.74,2420.69,2420.51,2420.50,2420.48,2420.36,2420.32,2420.31,2420.24,2420.23,2420.22,2420.20,2420.18,2420.17,2420.15,2420.13,2420.11,2420.10,2420.09,2420.08,1.710,10.327,0.268,0.311,0.669,0.380,0.676,1.180,1.057,2.297,2.400,2.050,6.196,2.020,1.184,2.503,2.045,2.524,2.020,2.009,2420.75,2420.95,2421.05,2421.09,2421.23,2421.24,2421.26,2421.29,2421.42,2421.43,2421.44,2421.47,2421.48,2421.58,2421.59,2421.60,2421.61,2421.63,2421.64,2421.65,10.599,0.652,0.200,0.585,0.676,2.542,2.066,8.606,3.000,0.400,1.100,2.025,1.184,4.184,4.131,1.889,6.158,0.998,2.020,2.000,Ticker,2420.74,0.003,-7.262219999999999
1619138817054,depth_update,Depth,2421.08,2421.07,2421.06,2420.88,2420.87,2420.80,2420.75,2420.74,2420.72,2420.70,2420.62,2420.58,2420.55,2420.50,2420.48,2420.45,2420.38,2420.37,2420.35,2420.32,0.733,4.838,1.661,10.855,2.800,0.400,6.352,1.163,10.327,7.915,0.262,0.695,0.272,8.765,0.669,0.200,0.699,0.200,15.344,19.299,2421.09,2421.23,2421.24,2421.43,2421.44,2421.47,2421.56,2421.57,2421.62,2421.64,2421.65,2421.66,2421.68,2421.70,2421.72,2421.74,2421.80,2421.81,2421.83,2421.84,0.585,10.140,0.009,1.095,1.000,0.005,2.265,4.130,5.255,2.020,2.000,15.607,2.000,10.800,2.024,2.000,12.500,0.124,2.000,1.180,Ticker,2420.74,0.003,-7.262219999999999
1619138817305,depth_update,Depth,2421.23,2421.21,2421.11,2421.09,2421.08,2421.06,2420.94,2420.88,2420.80,2420.76,2420.75,2420.74,2420.72,2420.70,2420.62,2420.60,2420.55,2420.50,2420.49,2420.48,5.572,2.800,0.260,2.567,0.786,10.584,0.200,11.445,0.400,2.631,0.400,1.163,10.327,8.915,2.000,2.050,2.000,2.034,6.000,0.669,2421.47,2421.63,2421.64,2421.72,2421.79,2421.81,2421.83,2421.84,2421.88,2421.90,2421.91,2421.92,2421.93,2421.95,2421.97,2422.00,2422.03,2422.07,2422.11,2422.13,0.005,4.995,0.990,0.024,3.496,2.020,2.000,1.180,2.695,2.200,2.000,6.190,15.000,0.971,0.514,26.146,0.177,0.126,0.124,0.111,Ticker,2420.74,0.003,-7.262219999999999
1619138817410,ticker_update,Depth,2421.23,2421.21,2421.11,2421.09,2421.08,2421.06,2420.94,2420.88,2420.80,2420.76,2420.75,2420.74,2420.72,2420.70,2420.62,2420.60,2420.55,2420.50,2420.49,2420.48,5.572,2.800,0.260,2.567,0.786,10.584,0.200,11.445,0.400,2.631,0.400,1.163,10.327,8.915,2.000,2.050,2.000,2.034,6.000,0.669,2421.47,2421.63,2421.64,2421.72,2421.79,2421.81,2421.83,2421.84,2421.88,2421.90,2421.91,2421.92,2421.93,2421.95,2421.97,2422.00,2422.03,2422.07,2422.11,2422.13,0.005,4.995,0.990,0.024,3.496,2.020,2.000,1.180,2.695,2.200,2.000,6.190,15.000,0.971,0.514,26.146,0.177,0.126,0.124,0.111,Ticker,2421.47,0.004,9.68588
1619138817557,depth_update,Depth,2421.63,2421.47,2421.46,2421.24,2421.21,2421.15,2421.08,2420.98,2420.95,2420.94,2420.93,2420.92,2420.89,2420.88,2420.81,2420.80,2420.76,2420.75,2420.74,2420.73,1.467,0.200,1.428,0.642,0.272,0.260,0.876,0.699,0.996,0.695,1.067,2.281,6.195,11.445,2.020,3.180,3.298,3.000,1.184,0.199,2421.65,2421.67,2421.68,2421.71,2421.80,2421.81,2421.83,2421.88,2421.91,2421.97,2421.99,2422.00,2422.03,2422.07,2422.11,2422.13,2422.14,2422.15,2422.20,2422.22,0.800,0.642,5.600,0.642,0.300,2.191,0.695,0.380,0.272,0.025,4.674,26.146,2.177,2.126,2.124,2.111,0.801,2.000,2.000,2.200,Ticker,2421.47,0.004,9.68588
1619138817807,depth_update,Depth,2421.46,2421.24,2421.23,2421.15,2421.08,2420.96,2420.95,2420.94,2420.93,2420.88,2420.87,2420.85,2420.83,2420.81,2420.80,2420.79,2420.75,2420.74,2420.73,2420.66,0.569,0.642,2.009,0.260,0.100,0.301,0.695,0.695,1.067,0.590,1.057,3.098,2.220,2.719,3.180,0.280,3.000,1.184,2.219,0.200,2421.47,2421.48,2421.64,2421.70,2421.83,2421.88,2421.91,2421.93,2421.94,2421.95,2421.96,2421.97,2421.98,2422.00,2422.03,2422.05,2422.07,2422.10,2422.11,2422.13,7.261,2.461,0.642,0.450,0.695,0.380,0.272,2.192,0.400,1.087,0.578,0.005,4.130,26.146,2.177,1.000,2.126,2.220,2.124,2.111,Ticker,2421.47,0.004,9.68588
1619138817806,ticker_update,Depth,2421.46,2421.24,2421.23,2421.15,2421.08,2420.96,2420.95,2420.94,2420.93,2420.88,2420.87,2420.85,2420.83,2420.81,2420.80,2420.79,2420.75,2420.74,2420.73,2420.66,0.569,0.642,2.009,0.260,0.100,0.301,0.695,0.695,1.067,0.590,1.057,3.098,2.220,2.719,3.180,0.280,3.000,1.184,2.219,0.200,2421.47,2421.48,2421.64,2421.70,2421.83,2421.88,2421.91,2421.93,2421.94,2421.95,2421.96,2421.97,2421.98,2422.00,2422.03,2422.05,2422.07,2422.10,2422.11,2422.13,7.261,2.461,0.642,0.450,0.695,0.380,0.272,2.192,0.400,1.087,0.578,0.005,4.130,26.146,2.177,1.000,2.126,2.220,2.124,2.111,Ticker,2421.46,0.31,-750.6526
1619138818058,depth_update,Depth,2421.08,2421.00,2420.94,2420.92,2420.84,2420.83,2420.81,2420.80,2420.79,2420.76,2420.75,2420.73,2420.67,2420.66,2420.65,2420.62,2420.57,2420.55,2420.51,2420.50,0.100,0.278,0.695,1.601,1.579,2.020,3.499,2.000,2.280,3.098,3.000,2.020,2.719,2.200,2.000,2.000,4.712,18.309,18.214,0.213,2421.18,2421.24,2421.28,2421.40,2421.46,2421.47,2421.48,2421.64,2421.70,2421.83,2421.87,2421.93,2421.94,2421.96,2421.97,2421.98,2421.99,2422.00,2422.03,2422.07,3.378,17.781,14.753,7.550,0.699,3.620,0.800,0.642,0.450,0.695,0.400,2.192,2.400,7.309,2.000,4.130,2.524,26.070,2.000,2.000,Ticker,2421.46,0.31,-750.6526
1619138818311,depth_update,Depth,2420.75,2420.60,2420.57,2420.56,2420.51,2420.50,2420.49,2420.48,2420.39,2420.38,2420.32,2420.29,2420.27,2420.26,2420.25,2420.13,2420.12,2420.11,2420.08,2420.06,3.506,0.380,0.272,0.900,4.823,0.014,10.953,12.399,3.599,17.129,0.028,8.775,13.971,24.790,0.674,0.200,10.553,2.065,0.600,2.346,2420.76,2420.94,2420.95,2420.96,2421.19,2421.23,2421.24,2421.39,2421.40,2421.46,2421.47,2421.49,2421.60,2421.63,2421.69,2421.70,2421.76,2421.82,2421.83,2421.84,0.733,0.393,0.642,0.749,0.200,9.900,0.272,0.801,7.550,1.099,1.290,6.196,0.690,100.000,0.809,0.550,0.613,20.000,0.695,1.184,Ticker,2421.46,0.31,-750.6526
1619138818366,ticker_update,Depth,2420.75,2420.60,2420.57,2420.56,2420.51,2420.50,2420.49,2420.48,2420.39,2420.38,2420.32,2420.29,2420.27,2420.26,2420.25,2420.13,2420.12,2420.11,2420.08,2420.06,3.506,0.380,0.272,0.900,4.823,0.014,10.953,12.399,3.599,17.129,0.028,8.775,13.971,24.790,0.674,0.200,10.553,2.065,0.600,2.346,2420.76,2420.94,2420.95,2420.96,2421.19,2421.23,2421.24,2421.39,2421.40,2421.46,2421.47,2421.49,2421.60,2421.63,2421.69,2421.70,2421.76,2421.82,2421.83,2421.84,0.733,0.393,0.642,0.749,0.200,9.900,0.272,0.801,7.550,1.099,1.290,6.196,0.690,100.000,0.809,0.550,0.613,20.000,0.695,1.184,Ticker,2420.76,2.875,-6959.685
1619138818561,depth_update,Depth,2420.94,2420.93,2420.79,2420.78,2420.76,2420.75,2420.74,2420.70,2420.60,2420.56,2420.53,2420.52,2420.50,2420.49,2420.48,2420.46,2420.40,2420.38,2420.26,2420.25,3.937,10.327,0.498,5.524,0.375,8.293,1.000,0.257,0.030,0.900,1.180,5.028,2.034,0.699,12.399,6.200,0.030,1.184,8.499,0.874,2420.95,2420.96,2421.42,2421.47,2421.59,2421.65,2421.68,2421.69,2421.70,2421.77,2421.78,2421.82,2421.84,2421.87,2421.88,2421.89,2421.91,2421.92,2421.93,2421.94,0.674,0.749,0.970,0.319,0.699,0.801,2.000,0.400,1.521,1.084,4.130,20.000,30.225,12.000,2.324,8.731,2.000,1.000,71.446,2.400,Ticker,2420.76,2.875,-6959.685
1619138818811,depth_update,Depth,2421.85,2421.71,2421.60,2421.59,2421.47,2421.44,2421.38,2421.18,2421.11,2421.10,2421.09,2421.08,2421.07,2421.05,2421.04,2420.98,2420.96,2420.95,2420.94,2420.91,3.600,1.000,0.699,0.272,0.277,8.333,6.000,0.016,1.180,2.523,0.642,2.365,6.194,0.809,2.219,1.000,1.091,2.300,3.110,4.400,2421.86,2421.99,2422.00,2422.06,2422.09,2422.18,2422.36,2422.37,2422.43,2422.44,2422.49,2422.50,2422.52,2422.54,2422.55,2422.56,2422.57,2422.58,2422.61,2422.62,0.494,0.681,26.070,9.887,0.200,0.024,0.699,0.012,4.825,0.013,0.971,0.713,7.551,6.158,1.184,3.806,10.800,2.073,12.343,0.047,Ticker,2420.76,2.875,-6959.685
1619138818936,ticker_update,Depth,2421.85,2421.71,2421.60,2421.59,2421.47,2421.44,2421.38,2421.18,2421.11,2421.10,2421.09,2421.08,2421.07,2421.05,2421.04,2420.98,2420.96,2420.95,2420.94,2420.91,3.600,1.000,0.699,0.272,0.277,8.333,6.000,0.016,1.180,2.523,0.642,2.365,6.194,0.809,2.219,1.000,1.091,2.300,3.110,4.400,2421.86,2421.99,2422.00,2422.06,2422.09,2422.18,2422.36,2422.37,2422.43,2422.44,2422.49,2422.50,2422.52,2422.54,2422.55,2422.56,2422.57,2422.58,2422.61,2422.62,0.494,0.681,26.070,9.887,0.200,0.024,0.699,0.012,4.825,0.013,0.971,0.713,7.551,6.158,1.184,3.806,10.800,2.073,12.343,0.047,Ticker,2421.44,1.05,2542.512
1619138819061,depth_update,Depth,2421.34,2421.33,2421.29,2421.28,2421.20,2421.18,2421.16,2421.15,2421.13,2421.09,2421.04,2421.01,2421.00,2420.97,2420.96,2420.95,2420.94,2420.89,2420.88,2420.86,2.204,0.970,0.889,3.100,0.280,0.008,0.962,3.098,0.200,0.642,0.020,0.900,1.057,1.272,2.024,2.000,2.029,11.450,1.387,2.180,2421.73,2421.79,2421.85,2421.86,2421.89,2421.95,2421.96,2422.00,2422.18,2422.20,2422.24,2422.26,2422.33,2422.35,2422.37,2422.44,2422.48,2422.49,2422.50,2422.51,0.800,0.400,0.012,0.005,0.255,8.550,2.191,26.070,0.024,0.124,0.801,2.100,1.000,6.000,2.012,2.013,0.869,0.400,4.135,7.513,Ticker,2421.44,1.05,2542.512
1619138819311,depth_update,Depth,2421.63,2421.39,2421.35,2421.16,2421.15,2421.14,2421.13,2421.10,2421.09,2421.06,2421.02,2421.01,2421.00,2420.98,2420.97,2420.96,2420.95,2420.94,2420.89,2420.88,2.800,0.970,0.380,0.962,3.098,0.200,14.017,0.699,0.642,6.194,2.561,0.900,1.057,2.000,1.272,2.024,2.000,2.029,2.433,1.387,2421.64,2421.85,2421.91,2421.93,2421.95,2422.00,2422.17,2422.18,2422.20,2422.26,2422.31,2422.33,2422.37,2422.44,2422.47,2422.48,2422.49,2422.50,2422.51,2422.54,0.528,0.012,2.192,2.065,12.028,26.070,0.691,0.024,0.124,2.000,0.801,1.000,2.012,2.013,2.400,1.967,2.000,3.137,7.513,6.158,Ticker,2421.44,1.05,2542.512
1619138819466,ticker_update,Depth,2421.63,2421.39,2421.35,2421.16,2421.15,2421.14,2421.13,2421.10,2421.09,2421.06,2421.02,2421.01,2421.00,2420.98,2420.97,2420.96,2420.95,2420.94,2420.89,2420.88,2.800,0.970,0.380,0.962,3.098,0.200,14.017,0.699,0.642,6.194,2.561,0.900,1.057,2.000,1.272,2.024,2.000,2.029,2.433,1.387,2421.64,2421.85,2421.91,2421.93,2421.95,2422.00,2422.17,2422.18,2422.20,2422.26,2422.31,2422.33,2422.37,2422.44,2422.47,2422.48,2422.49,2422.50,2422.51,2422.54,0.528,0.012,2.192,2.065,12.028,26.070,0.691,0.024,0.124,2.000,0.801,1.000,2.012,2.013,2.400,1.967,2.000,3.137,7.513,6.158,Ticker,2422.54,0.25,605.635
1619138819562,depth_update,Depth,2422.57,2422.48,2422.18,2422.17,2422.13,2422.08,2422.07,2422.00,2421.99,2421.98,2421.94,2421.85,2421.84,2421.80,2421.79,2421.66,2421.65,2421.64,2421.63,2421.60,2.551,0.124,0.371,1.315,1.145,0.200,7.522,0.010,5.845,6.000,0.776,0.501,5.732,2.219,2.131,1.000,0.809,1.888,2.125,3.107,2422.58,2422.62,2422.81,2422.82,2422.87,2422.94,2422.98,2423.08,2423.09,2423.11,2423.13,2423.15,2423.16,2423.18,2423.19,2423.20,2423.22,2423.23,2423.24,2423.26,0.300,0.068,0.258,6.205,0.003,0.971,5.846,2.275,2.025,2.585,0.017,2.177,0.064,1.237,0.124,0.222,0.124,7.124,0.115,0.100,Ticker,2422.54,0.25,605.635
1619138819812,depth_update,Depth,2422.00,2421.88,2421.87,2421.85,2421.80,2421.79,2421.73,2421.70,2421.65,2421.64,2421.63,2421.62,2421.60,2421.59,2421.58,2421.57,2421.55,2421.54,2421.53,2421.51,2.800,0.200,3.098,2.000,2.020,2.131,1.387,2.000,0.809,52.959,2.125,94.000,3.077,0.227,1.184,8.061,2.020,2.554,17.129,3.000,2422.01,2422.02,2422.57,2422.58,2422.59,2422.61,2422.62,2422.71,2422.80,2422.82,2422.87,2422.94,2422.95,2422.97,2423.06,2423.07,2423.08,2423.09,2423.11,2423.13,1.661,1.661,0.642,5.710,0.307,0.270,0.518,0.380,0.272,6.205,0.003,0.691,1.000,4.587,2.100,1.092,5.372,2.175,2.585,2.017,Ticker,2422.54,0.25,605.635
